3262 5200
346 505 419 548 XXII
457 538 459 541 .
792 501 986 546 PRAEFATIO.

347 676 410 751 εἰς,
437 696 519 756 quae
540 673 575 736 in
593 671 777 736 Occidentis
793 671 908 734 notitia
923 683 1151 754 proponuntur
1171 672 1210 756 (V
1231 677 1277 750 15)
1298 671 1431 737 omnino

346 763 475 825 diuersa
505 770 597 835 suut,
629 779 736 840 neque
766 758 876 821 felices
907 757 1093 820 Honoriaui
1125 758 1164 842 (V
1188 759 1262 842 21),
1292 759 1431 822 uictores

352 849 392 931 {V
416 848 489 930 22),
524 843 634 908 felices
668 843 887 909 Theodosiani
926 843 1077 926 (V121),
1113 844 1224 908 felices
1258 845 1433 909 Arcadiani

353 935 412 1017 (Vl
430 935 500 1012 22),
529 932 586 994 ubi
608 931 735 1013 repetiti
759 942 835 994 sunt
862 931 927 1013 (Or.
954 930 1020 992 VII
1039 937 1073 1004 33
1101 931 1160 994 Oe.
1187 931 1217 992 V
1235 939 1292 1007 373
1319 931 1375 994 Or.
1402 932 1432 993 V

350 1028 410 1095 ⁶253
435 1019 504 1080 VH
529 1019 557 1093 2)
585 1027 722 1080 utuntur
745 1017 858 1100 clipeis
881 1016 1052 1080 similibus.

435 1106 475 1167 In
497 1102 681 1186 insignibus
710 1104 855 1187 magistri
884 1103 1026 1166 militum
1051 1125 1108 1185 per
1138 1102 1306 1165 Orientem
1341 1104 1427 1186 (VII)

348 1191 491 1274 exceptis
515 1189 627 1271 clipeis
650 1188 795 1252 felicium
818 1191 1074 1252 Arc-adianorum
1101 1199 1132 1251 et
1155 1190 1430 1266 Honorianorum,

348 1279 465 1360 quibus
488 1278 527 1339 de
550 1276 645 1338 modo
670 1275 792 1337 dietum
816 1289 881 1351 est,
906 1275 1077 1339 dubitandi
1093 1297 1204 1338 causas
1220 1298 1288 1337 non
1303 1275 1429 1352 iuueni,

348 1366 381 1427 in
404 1362 537 1446 reliquis
560 1371 669 1424 eutem
691 1362 726 1424 id
748 1361 880 1442 quidem
902 1362 1031 1445 probari
1053 1371 1177 1445 petest,
1205 1361 1433 1444 inscriptiones

348 1471 515 1535 perperam
538 1447 660 1531 positas
683 1469 772 1524 esse,
798 1447 854 1510 sed
877 1448 1036 1531 quomodo
1059 1459 1145 1512 reete
1168 1459 1344 1531 ponantur,
1368 1449 1433 1511 nisi

348 1538 383 1600 in
406 1545 495 1619 perte
526 1534 709 1598 tabularum
739 1533 837 1595 trium
860 1555 931 1617 cap.
957 1534 988 1596 V
1016 1544 1083 1597 not.
1109 1533 1168 1597 Oe.
1200 1534 1340 1598 iudicari
1365 1556 1433 1596 nou

348 1633 462 1706 potest.
514 1622 603 1687 Quas
626 1620 674 1682 uti
697 1630 832 1702 potuero
863 1620 1047 1683 emendatas
1071 1620 1133 1683 hoc
1160 1621 1231 1682 loco
1259 1620 1433 1683 lectoribus

347 1729 525 1792 proponam
535 1707 572 1789 1).
772 1709 774 1712 ’
1224 1738 1227 1742 ·

420 1931 441 1994 Ι)
463 1933 500 2000 es.
522 1929 577 1982 Zur
595 1927 693 1982 Kritik
711 1928 760 1982 der
776 1928 812 1984 N.
833 1929 869 1982 D.
893 1947 919 1998 p.
941 1932 1000 1980 233.
