3262 5200
420 479 468 528 Xll
866 481 1063 525 PRAEFATIO.

421 651 512 717 nulla
539 653 686 738 apposita
708 664 799 716 erant
837 652 903 734 (Or.
931 651 963 726 I;
997 650 1055 714 Oc.
1080 650 1115 726 I;
1146 650 1231 727 VII3
1267 649 1373 733 XLII]
1411 661 1502 714 tanto

422 740 593 826 splendore
628 740 731 824 pictor
760 739 957 814 confecerat,
993 747 1029 800 ut
1060 736 1214 821 paginam
1248 736 1414 800 dimidiam
1447 738 1501 802 uel

420 828 524 890 maius
547 826 643 889 etiam
666 826 806 910 spatium
827 823 1009 908 implerent.
1058 824 1222 886 Commata
1247 824 1358 887 eadem
1380 822 1446 887 fere
1465 825 1501 888 in

422 914 531 977 codiee
552 912 704 988 fuerunt,
730 933 812 994 quae
834 911 870 973 in
892 910 1034 974 editione
1050 917 1160 973 nostra
1182 909 1329 986 fecimus,
1354 911 1410 973 sed
1426 931 1501 974 curn

420 999 570 1063 librarius
592 997 692 1062 ferme
715 1007 857 1060 uteretur
873 997 1073 1081 compendiis
1090 995 1302 1059 sollemnibus
1318 1006 1355 1059 ut
1371 999 1496 1082 praef„

420 1108 518 1163 cona,
539 1106 618 1166 pp„
652 1085 731 1169 leq.²
758 1083 848 1160 coh„
873 1105 963 1167 uoq„
995 1095 1153 1165 notasque
1182 1103 1390 1146 numerorum
1407 1083 1502 1146 adhi-

419 1173 509 1236 beret
518 1197 533 1247 ,¹
559 1192 670 1234 uersus
699 1170 802 1239 multo
829 1170 992 1233 breuiores
1021 1179 1200 1233 euaserant.
1254 1171 1386 1232 Praeter
1411 1189 1502 1232 com-

419 1258 538 1344 pendia
560 1257 635 1334 illa,
660 1278 742 1340 quae
764 1267 821 1320 aut
842 1257 970 1340 punctis
994 1266 1050 1318 aut
1072 1254 1210 1338 uirgulis
1226 1256 1379 1320 distincta
1400 1256 1501 1319 fuisse

420 1337 627 1423 crediderim,
655 1344 753 1407 uerba
776 1364 857 1424 quae
881 1352 1039 1405 commata
1062 1341 1191 1426 singula
1223 1341 1407 1404 efficiebant
1423 1363 1501 1404 con·
1543 1421 1544 1424 Ἴ

421 1431 547 1494 tinuata
583 1440 689 1507 erant,
732 1430 777 1492 ita
813 1439 849 1492 ut
881 1428 1005 1492 librarii
1036 1429 1246 1512 archetypum
1283 1428 1500 1493 describentes

419 1517 455 1580 in
489 1516 649 1580 diuisione
682 1517 853 1580 uerborum
888 1514 1075 1598 saepissime
1103 1527 1285 1599 peccarent.
1333 1515 1503 1579 Perierunt
1614 1573 1615 1588 ,

420 1602 574 1666 foliorum
595 1603 685 1688 paria
707 1611 874 1685 quattuor,
906 1623 963 1664 suo
992 1601 1062 1665 loco
1085 1612 1174 1665 mota
1202 1611 1279 1664 sunt
1299 1602 1390 1685 paria
1413 1603 1497 1677 du03

420 1699 584 1774 praeterea
616 1689 754 1775 paginae
783 1687 978 1764 nonnullae,
1013 1709 1093 1770 quas
1121 1687 1270 1750 librarius
1297 1688 1337 1750 ad
1359 1687 1502 1772 insignia

420 1776 609 1860 accipienda
629 1775 904 1860 praetermiserat,
929 1775 1059 1857 pictoris
1082 1774 1207 1837 incuria
1228 1795 1351 1838 uacuae
1366 1797 1500 1838 remen·
1614 1793 1615 1810 ³

419 1874 542 1927 serunt.

507 1949 638 2025 Omnia,
664 1969 745 2030 quae
768 1945 934 2010 deforma
957 1947 1074 2010 codicis
1097 1947 1261 2032 archetypi
1280 1949 1500 2033 exposuimus

420 2035 577 2120 imprimis
599 2033 752 2098 foliorum
775 2033 1013 2116 deperditorum
1035 2044 1067 2097 et
1089 2035 1356 2118 transpositorum
1378 2034 1504 2099 ratione

421 2132 521 2198 stare,
553 2121 610 2184 uix
640 2131 690 2185 est
719 2121 806 2203 quod
835 2121 998 2196 dicamus3
1030 2129 1062 2183 et
1091 2121 1168 2204 quia
1194 2131 1359 2203 praeterea
1385 2122 1505 2186 summi

420 2207 578 2272 momenti
600 2218 659 2282 est,
686 2217 795 2270 utrum
817 2206 922 2290 capita
945 2229 994 2282 ea,
1020 2209 1159 2288 quaein
1181 2206 1344 2270 indicibus
1366 2208 1504 2292 promit-

315 2301 319 2310 '
421 2305 550 2370 tantur,
576 2294 704 2378 inipso
727 2293 808 2355 libro
831 2314 897 2355 non
920 2293 1150 2375 inueniuntur,
1184 2315 1262 2356 casu
1284 2294 1391 2376 aliquo
1414 2295 1504 2357 exci-

420 2381 527 2444 derint
554 2402 596 2444 an
618 2399 786 2461 nunquam
814 2380 850 2442 in
879 2378 989 2442 codice
1017 2380 1191 2464 archetypo
1225 2377 1364 2457 fuerint,
1389 2380 1504 2444 discri-

421 2469 567 2553 ptionem
597 2466 847 2549 quaternionum
881 2476 912 2528 et
941 2463 1095 2529 foliorum
1121 2467 1281 2549 integram
1310 2487 1498 2552 proponam.
1614 2503 1615 2510 κ

421 2555 465 2617 Et
486 2573 659 2617 numerum
674 2559 870 2614 commatum
885 2553 1015 2635 quidem
1036 2553 1083 2616 ita
1096 2553 1210 2636 posui,
1235 2565 1273 2615 ut
1288 2573 1394 2637 neque
1412 2554 1501 2616 lacu-

421 2660 480 2704 nas
513 2661 620 2722 neque
652 2637 886 2723 dittographias
919 2639 955 2700 in
985 2638 1158 2723 archetypo
1187 2639 1289 2703 fuisse
1324 2661 1502 2718 sumerem3
1614 2669 1615 2706 r

421 2748 519 2809 quare
541 2719 682 2789 dubitari
703 2724 834 2806 nequit,
862 2723 941 2808 quin
964 2724 1025 2787 hac
1048 2727 1095 2786 ex'
1109 2736 1200 2810 parte
1222 2726 1383 2809 permulta
1405 2726 1504 2789 dubia
1614 2723 1615 2754 ³

420 2822 592 2888 maneant,
622 2833 704 2894 quae
728 2821 835 2873 tamen
858 2829 1003 2874 summae
1025 2811 1072 2874 rei
1093 2833 1255 2896 nusquam
1278 2813 1436 2876 officiunt.

803 2966 1067 3033 OUATERNIO
1091 2968 1117 3030 I.

507 3087 600 3152 f01.1
627 3097 683 3150 aut
704 3106 846 3150 uacuum
869 3098 925 3151 aut
945 3089 1080 3172 picturis
1104 3091 1281 3168 ornatum]

507 3175 564 3237 fol.
584 3173 635 3344 2}
653 3183 780 3273 praeter
799 3172 1043 3274 inscriptionem
1066 3197 1190 3238 summo
1206 3175 1377 3260 splendore
1392 3175 1443 3258 pi-

509 3261 601 3324 fote
654 3270 738 3323 ctam
770 3261 912 3344 indicem
942 3271 1136 3324 commatum
1167 3267 1222 3323 127
1256 3262 1441 3337 (loll—52

1441 3079 1455 3110 Ι

652 3351 749 3422 -1-52
767 3353 807 3422 -l-
826 3347 895 3430 133)
923 3349 1120 3411 continebat.

498 3433 554 3496 fol.
575 3440 614 3496 da
636 3453 741 3495 uacua
769 3432 890 3496 relicta.

481 3463 545 3669 lfol
576 3517 651 3690 δὲ)
670 3517 855 3602 insignibus
875 3520 1030 3604 praefecti
1050 3519 1208 3604 praetorio
1224 3519 1367 3584 Orientis
1383 3520 1441 3582 de-

671 3605 807 3669 stinatae
834 3614 934 3681 erant,
960 3628 1042 3688 quae
1064 3603 1194 3688 pictoris
1221 3605 1301 3668 uitio
1324 3603 1442 3668 omissa
1470 3599 1493 3646 ⁶⁵

673 3701 760 3754 sunt.

509 3873 566 3935 fol·
587 3787 657 3956 62}
677 3829 733 3893 Or.
751 3829 786 3892 II
810 3836 1005 3892 commatum
1026 3837 1076 3892 72.

445 4061 497 4079 ,μ
514 4046 569 4110 Μ
592 4055 630 4108 7a
679 4000 822 4083 insignia
842 4000 1171 4087 praefectipraetorio
1191 4025 1248 4088 per
1263 4003 1439 4088 Illyricum.

603 4133 625 4196 b
677 4131 733 4194 Or.
751 4130 805 4193 Ill
828 4139 1021 4196 commatum
1047 4139 1097 4195 30.

512 4219 567 4282 fol.
588 4227 627 4282 8a
677 4217 820 4300 insignia
841 4217 994 4300 praefecti
1017 4219 1105 4284 urbis
1126 4219 1425 4303 Constantinopoli-

677 4314 782 4367 tanae.

605 4392 627 4454 b
679 4389 735 4453 Or.
758 4391 817 4455 IV.
