3262 5200
627 524 822 568 Ptraaru'rm.
1211 527 1269 570 xxi

183 695 324 780 clipeum
348 696 543 778 praecedens
565 695 600 757 in
624 715 661 758 ea
684 695 810 772 tabula,
836 717 917 778 quae
940 695 1027 780 apud
1050 695 1269 776 Biiclringium

182 781 368 859 inuenitur,
401 804 469 844 uon
497 779 631 864 angelos
661 781 792 863 quidem
823 782 880 845 sed
909 803 987 845 aues
1010 782 1090 844 duas
1113 782 1265 859 ostendit,

183 890 264 952 quae
288 890 362 932 cum
385 867 510 952 augelis
532 865 627 931 facile
650 867 807 932 confundi
829 878 996 952 poterant3
1026 889 1106 951 quos
1130 868 1157 931 si
1179 869 1269 932 inse-

182 976 308 1031 ramuS,
334 954 512 1020 similitudo
542 953 615 1029 illa,
642 975 724 1035 quae
747 953 938 1036 requiritur,
965 955 1113 1018 restituta
1135 965 1194 1018 est.
1226 954 1269 1020 Et

182 1041 316 1105 uomina
338 1062 466 1123 quoque
490 1039 716 1104 Mattiacorum
738 1039 903 1103 iuniorum
926 1051 958 1104 et
980 1040 1268 1105 Constantiniano-

182 1147 254 1190 rum
281 1128 338 1210 (VI
366 1135 422 1205 ll,
444 1127 515 1208 12),
541 1127 597 1210 qui
613 1125 794 1210 sagittarios
819 1126 960 1190 seniores
977 1125 1157 1190 Orientales
1172 1149 1267 1211 prae·

183 1213 323 1290 cedunt,
359 1213 431 1276 loco
466 1233 524 1277 suo
557 1222 646 1276 ructa
675 1233 761 1290 esse,
793 1211 1021 1276 Mattiacorum
1050 1211 1213 1276 saniorum
1236 1224 1269 1277 91

183 1299 490 1363 Constantianorum
513 1297 655 1382 insignia
671 1308 855 1381 comparata
874 1299 1051 1363 ostendunt
1071 1299 1109 1380 (V
1131 1307 1179 1374 11,
1202 1301 1265 1379 12),

184 1408 266 1469 quae
290 1385 399 1450 omnia
422 1384 645 1470 corriguntur,
671 1384 698 1448 si
721 1385 910 1448 Tubantum
932 1405 1053 1448 nomen
1080 1385 1138 1466 (Vl
1160 1388 1206 1468 19)
1227 1387 1269 1450 ad

183 1473 323 1557 clipeum
346 1472 380 1536 id
402 1471 589 1546 referamus,
615 1472 702 1553 quod
725 1470 899 1554 sagittariis
916 1471 1097 1534 senioribus
1114 1471 1265 1536 Orienta-

180 1559 267 1624 libus
301 1557 472 1634 tribuitur,
511 1557 805 1642 inscriptlonesque
839 1557 980 1640 reliquas
1018 1558 1109 1620 iuxta
1146 1557 1267 1641 positas

182 1645 346 1710 sinistram
368 1666 482 1709 uersus
505 1665 706 1708 moneamus.
755 1643 870 1727 Itaque
885 1643 920 1706 in
936 1643 996 1706 hac
1012 1664 1139 1726 quoque
1156 1645 1268 1709 tabula

182 1733 260 1795 ordo
284 1731 461 1816 clipeorum
485 1752 558 1794 curu
582 1730 693 1793 ordine
717 1751 771 1808 ec,
803 1749 867 1812 quo
897 1729 1024 1792 numeri
1054 1729 1088 1792 in
1112 1739 1266 1794 contextu

181 1819 338 1902 propositi
354 1827 463 1892 eraut,
480 1839 547 1879 non
564 1815 697 1879 omnino
713 1817 936 1899 conspirabat,
961 1826 1058 1897 atque
1079 1816 1267 1900 inscriptio-

182 1927 240 1967 nes
264 1924 393 1980 eorum,
423 1902 469 1967 ita
495 1903 544 1966 uti
575 1923 663 1965 nuno
690 1901 860 1986 leguntur,
890 1901 924 1964 in
955 1901 1065 1965 codice
1095 1901 1267 1987 archetypo

182 2013 249 2054 non
272 1988 406 2053 fuerunt
435 1991 491 2054 sed
521 2011 538 2052 e
568 1999 724 2052 contextu
747 1988 880 2052 haustae
910 1996 998 2051 sunt.
1051 1987 1092 2051 Et
1121 2010 1164 2051 ne
1195 1988 1267 2071 quis

182 2078 306 2158 credat,
340 2098 400 2139 uos
428 2077 464 2139 in
494 2073 799 2159 interpolationibus
830 2073 1010 2138 statuendis
1036 2073 1134 2138 nimis
1156 2074 1267 2138 faciles

181 2163 298 2239 fuisse,
329 2163 448 2225 menda
476 2171 647 2225 contextus
677 2160 880 2245 apertissima
908 2181 983 2223 cum
1011 2161 1047 2224 in
1074 2181 1112 2223 ea
1140 2160 1263 2242 tabula,

181 2271 246 2334 qua
274 2251 314 2312 de
352 2247 478 2332 agimus
512 2257 582 2310 tum
616 2248 652 2310 in
678 2246 861 2328 insignibus
899 2246 1012 2331 capitis
1045 2247 1266 2329 praecedentis

180 2347 373 2418 repetuntur
385 2335 420 2417 ¹).
467 2334 553 2418 Ergo
576 2333 611 2396 in
635 2333 680 2396 eis
696 2333 794 2397 etiam
815 2332 968 2414 picturis,
994 2332 1052 2394 ubi
1067 2345 1191 2416 partam
1213 2333 1267 2397 in-

181 2421 391 2505 scriptionum
414 2433 498 2484 recte
520 2419 660 2504 positam
683 2441 753 2482 esse
775 2419 907 2503 probari
921 2428 1044 2504 potest,
1070 2419 1110 2482 de
1133 2419 1265 2501 reliquis

181 2508 323 2572 dubitari
345 2507 438 2579 licet,
470 2506 524 2569 1191
546 2506 655 2590 potius
679 2505 719 2568 dc
742 2505 832 2567 nullo
855 2504 960 2590 clipeo
983 2514 1111 2568 constat
1134 2527 1174 2568 ex
1198 2506 1266 2569 sola

179 2594 405 2677 inscriptione,
437 2591 500 2656 nisi
529 2593 610 2657 aliae
638 2613 766 2675 quoque
794 2592 934 2655 rationes
957 2591 1121 2655 accedant.
1170 2593 1266 2660 Quod

179 2682 215 2744 in
245 2680 429 2764 insignibus
452 2679 681 2761 magistrorum
703 2677 845 2741 militum
873 2677 1125 2763 praesentalium
1148 2700 1185 2741 9ο
1208 2699 1264 2742 us-

180 2788 242 2849 que
265 2769 319 2843 fit,
345 2777 382 2830 ut
404 2765 439 2828 in
463 2787 532 2850 cap.
559 2765 589 2826 V
611 2764 840 2848 inscriptiones
864 2771 981 2842 2-4,
1009 2773 1037 2838 7,
1066 2770 1096 2840 8,
1126 2771 1262 2842 10-20,

181 2860 338 2929 23-25,
368 2853 403 2914 in
433 2873 501 2936 cap.
536 2852 583 2914 VI
608 2856 721 2928 2-6,
758 2856 894 2912 14-20
925 2871 1018 2914 ueras
1042 2871 1128 2931 esse,
1161 2872 1264 2935 paene

180 2939 427 3013 affirmauerim,
452 2938 500 3001 Vl
527 2946 611 2999 10—
625 2943 661 2998 13
685 2936 730 2999 ita
746 2937 921 3021 corrigam,
947 2936 998 3000 uti
1019 2935 1098 3010 feci,
1124 2939 1164 3001 de
1187 2937 1264 3000 reli-

180 3026 252 3110 quis
275 3026 433 3088 dubitem.
480 3025 565 3087 Nam
588 3035 625 3086 ut
646 3044 799 3086 numeros
822 3045 876 3086 eos
893 3022 1057 3102 omittam,
1082 3025 1121 3086 de
1146 3021 1264 3107 quibus

178 3114 243 3176 iam
275 3111 457 3197 disputaui,
501 3110 800 3174 Theodosianorum
834 3109 932 3192 clipei
965 3108 1090 3192 angelis
1128 3109 1265 3193 singulis

181 3220 293 3262 omnes
317 3197 421 3262 ornati
444 3207 521 3260 sunt
540 3197 579 3278 (V
597 3202 756 3273 23—253
776 3195 819 3260 Vl
837 3195 911 3279 23),
929 3206 1137 3258 cornutorum
1157 3195 1215 3278 (vl
1231 3197 1258 3278 9)

179 3295 210 3348 91
233 3285 432 3348 Batauorum
452 3283 493 3366 (V
510 3285 538 3362 8)
564 3281 707 3366 insignia
729 3280 764 3344 in
780 3281 968 3345 Occidentis
990 3281 1136 3366 partibus
1152 3282 1264 3344 eadem

179 3372 245 3435 fere
267 3371 474 3456 reperiuntur
502 3369 540 3452 (V
568 3375 625 3446 143
657 3369 725 3451 19),
750 3367 934 3431 defensores
963 3369 1002 3450 (V
1022 3368 1069 3450 16)
1097 3376 1129 3431 91
1154 3367 1265 3430 uindi-

180 3479 230 3521 ces
258 3459 317 3542 (Vl
338 3458 385 3542 16)
413 3465 480 3518 tam
502 3455 708 3530 nominibus,
734 3476 831 3537 quam
853 3453 1035 3536 insignium
1051 3453 1265 3517 similitudine

179 3553 245 3608 arte
268 3544 459 3619 cohaerent,
484 3541 579 3605 Uisos
607 3541 647 3625 (V
664 3541 714 3624 21))
743 3551 776 3604 91
797 3539 978 3624 'l'eruingos
1007 3540 1064 3622 (VI
1082 3541 1155 3624 20),
1182 3562 1265 3623 quo-

179 3651 250 3694 rum
274 3629 387 3715 clipei,
412 3627 601 3714 praesertim
624 3626 650 3691 si
665 3626 807 3710 picturas
824 3626 1004 3690 editionum
1019 3625 1263 3709 lliickingianae

178 3728 211 3781 91
234 3716 421 3781 Basiliensis
444 3715 625 3798 sequimur,
649 3713 714 3776 nisi
735 3713 771 3776 111
794 3712 955 3776 coloribus
979 3734 1045 3775 non
1068 3713 1261 3795 discrepant,

178 3813 332 3886 utrosque
366 3802 503 3887 populos
538 3799 694 3863 Gothicos
723 3799 824 3863 fuisse
852 3809 992 3875 constat,
1029 3799 1202 3862 Fortenses
1232 3810 1264 3863 91

178 3890 320 3955 Neruios
359 3888 398 3972 (V
430 3896 467 3964 53
493 3888 521 3969 6)
559 3886 772 3950 Raetouarios
809 3886 849 3969 (V
869 3885 916 3968 17)
955 3895 988 3948 et
1022 3885 1263 3948 llucincbantes

184 3976 242 4060 (VI
269 3975 339 4058 17),
375 3972 591 4058 Angleuarios
629 3972 668 4054 (V
699 3972 745 4054 18)
785 3981 818 4034 et
843 3971 1073 4034 Falchouarios
1113 3971 1172 4054 (VI
1198 3976 1262 4048 18),

179 4063 321 4126 Hiberos
348 4060 388 4137 (V
409 4061 456 4142 19)
484 4070 516 4123 91
538 4058 678 4122 Thraces
706 4058 765 4141 (VI
785 4064 832 4134 19)
859 4057 958 4122 simili
980 4057 1117 4139 quadam
1138 4056 1263 4120 ratione

178 4148 368 4210 coniunctos
383 4146 501 4222 fuisse,
527 4143 676 4228 quamuis
692 4145 822 4228 probari
837 4165 903 4206 non
919 4143 1037 4228 possit,
1056 4142 1138 4206 nihil
1153 4153 1263 4206 tamen

179 4255 238 4298 nos
262 4243 351 4297 uetat
373 4231 538 4318 suspicari.
587 4231 652 4294 Sed
673 4231 912 4297 brachiatorum
941 4228 1083 4312 insignia
1108 4229 1148 4304 (V
1166 4230 1194 4312 9)
1223 4229 1262 4292 ab

251 4440 273 4502 1)
295 4440 333 4509 cs.
354 4437 394 4492 VI
412 4439 697 4500 24=22=6t=6³;
719 4435 744 4489 V
764 4438 881 4488 12=5a
