3262 5200
377 505 421 547 XX
824 505 1018 547 PRAEFATIO.

378 683 517 734 stlorum
531 671 672 735 militum
687 671 895 772 insignibus
887 675 1113 758 rnscriptioncs
1129 685 1216 737 recte
1231 673 1354 757 positae
1362 693 1463 756 agno

377 771 523 833 scantur,
548 759 759 842 interpolatae
775 761 975 844 corrigantur
991 761 1044 824 uel
1061 771 1145 823 certe
1160 759 1357 822 refellantur.
1388 758 1462 820 Nu-

378 845 458 908 meri
491 845 578 907 enim
612 845 773 922 militurn,
809 869 951 945 quorum
976 848 1110 909 nomina
1140 857 1196 910 aut
1223 846 1321 927 plane
1350 831 1463 907 eadem

377 944 470 1006 suut,
495 931 558 994 nisi
582 933 668 1013 quod
691 932 783 994 alteri
806 934 949 996 seniores
972 933 1094 995 alteri
1085 934 1227 996 iuniores
1243 931 1459 1028 appellantur,

377 1029 433 1079 aut
455 1017 569 1079 saltem
593 1017 711 1081 similia
733 1029 770 1080 ut
786 1018 1024 1103 sagittariorum
1041 1019 1285 1082 Gallicanorum
1308 1029 1341 1080 et
1361 1017 1462 1098 sagit-

377 1103 530 1166 tariorum
554 1103 788 1180 Orientalium,
820 1115 877 1168 aut
900 1107 956 1189 qui
978 1105 1042 1168 alia
1064 1104 1209 1187 qualibet
1237 1126 1271 1167 re
1293 1114 1361 1168 arte
1383 1125 1462 1165 con-

375 1190 479 1252 iuncti
502 1200 597 1264 suut,
627 1203 665 1253 ut
687 1213 716 1252 e.
741 1211 773 1271 g.
800 1191 987 1255 Petulantes
1020 1204 1052 1254 et
1075 1191 1200 1266 Celtae,
1234 1189 1399 1253 ltrachiati
1429 1198 1462 1251 et
1509 1209 1512 1215 ·

377 1277 532 1350 Cornuti,
564 1277 620 1358 qui
646 1275 681 1338 in
705 1276 870 1340 Ammiani
898 1277 988 1340 libris
1012 1299 1137 1359 semper
1165 1299 1231 1339 una
1253 1275 1464 1339 nominantur

375 1384 482 1444 neque
511 1363 607 1424 facile
636 1361 673 1423 in
702 1363 909 1446 expeditione
931 1364 1045 1426 autin
1073 1363 1219 1426 hibernis
1249 1361 1371 1426 diuulsi
1393 1383 1462 1424 esse

376 1449 546 1526 uidentur,
585 1448 770 1530 insignibus
805 1450 982 1532 clipeorum
1016 1448 1176 1513 similibus
1209 1450 1258 1512 uti
1298 1447 1458 1512 solebant.

376 1535 474 1601 Quod
497 1536 646 1617 quamuis
668 1535 799 1599 licentia
815 1537 973 1619 pictorum
990 1549 1022 1598 et
1036 1535 1304 1618 interpolatorum
1318 1533 1462 1617 plerum·
1540 1554 1544 1563 ·

375 1644 438 1704 que
451 1621 657 1684 obscuratum
673 1623 733 1697 sit,
757 1633 866 1685 tamen
882 1645 971 1685 nunc
986 1644 1115 1705 quoque
1137 1644 1204 1684 non
1219 1641 1387 1704 nunquam
1402 1642 1461 1703 ap-

374 1719 475 1790 paret.
503 1706 688 1771 Similitudo
711 1719 819 1771 autem
842 1709 898 1773 illa
916 1708 1080 1772 interdum
1096 1708 1256 1771 eiusmodi
1271 1722 1331 1782 est,
1349 1718 1385 1769 ut
1401 1707 1462 1769 cli-

375 1793 444 1877 peis
466 1793 611 1876 alioquin
633 1793 764 1878 paribus
786 1817 845 1879 pro
868 1795 975 1858 colore
998 1795 1145 1858 caeruleo
1160 1792 1292 1858 alterius
1309 1794 1344 1854 in
1360 1793 1460 1855 altero

376 1882 471 1942 ruber
492 1892 652 1963 ponatur,
678 1880 733 1943 uel
747 1902 805 1963 pro
822 1881 896 1945 albo
911 1881 1040 1963 giluus,
1065 1891 1122 1944 aut
1137 1893 1175 1943 ut
1192 1881 1314 1942 colores
1330 1900 1461 1961 permu-

376 1978 494 2042 tentur,
520 1988 548 2028 e.
574 1988 607 2049 g
633 1968 726 2029 utin
741 1967 841 2045 altero
858 1966 989 2049 signum
1012 1968 1124 2030 album
1145 1966 1181 2028 in
1203 1987 1276 2029 area
1293 1966 1401 2040 rubra,
1425 1965 1461 2027 in

374 2051 521 2115 altero
497 2074 627 2136 signum
649 2053 815 2116 rubrum
807 2076 842 2115 ιιι
864 2075 938 2116 area
960 2054 1034 2116 alba
1056 2052 1259 2137 depingatur,

461 2140 552 2207 Quae
574 2150 611 2200 ut
632 2141 825 2238 probemuS,
857 2139 998 2238 primum
1027 2141 1067 2202 de
1097 2138 1143 2202 eis
1172 2138 1291 2202 tabulis
1315 2139 1462 2220 disputa-

375 2224 502 2300 bimus,
534 2247 617 2307 quae
648 2247 723 2288 cum
753 2226 788 2288 in
818 2225 928 2289 codice
951 2227 1124 2309 archetypo
1154 2224 1383 2323 inscriptiones
1405 2225 1460 2286 in-

375 2311 516 2395 signium
550 2333 638 2374 cum
654 2322 811 2375 contextu
841 2312 907 2375 iam
950 2313 1185 2396 propemodum
1223 2312 1458 2396 conspirarent,

374 2397 624 2481 interpolatione
645 2398 796 2461 instituta
824 2400 981 2460 damnum
1009 2420 1077 2460 non
1106 2398 1282 2461 admodum
1303 2418 1458 2479 magnum

373 2505 543 2568 perpessae
566 2493 660 2561 sunt3
685 2484 720 2546 id
741 2485 828 2566 quod
851 2484 905 2547 uel
927 2484 1099 2568 praecipue
1123 2485 1162 2547 de
1184 2484 1369 2568 insignibus
1389 2505 1459 2546 ma-

373 2569 548 2653 gistrorum
584 2569 726 2633 militum
763 2570 1061 2653 praesentalium'
1051 2593 1087 2634 ιιι
1131 2571 1277 2654 partibus
1315 2569 1459 2633 Orientis

377 2657 418 2739 (V
448 2667 481 2719 et
504 2657 560 2739 Vl)
595 2657 771 2719 dicendum
799 2657 871 2720 erit.
847 2657 1072 2720 tConferat
1101 2678 1177 2741 ergo
1206 2657 1271 2721 lect
1258 2668 1307 2721 tor
1335 2655 1457 2740 clipeos

373 2742 606 2807 lanceariorum
630 2743 794 2806 seniorum
821 2743 913 2826 (V)
886 2744 912 2803 2
942 2753 975 2805 et
996 2742 1161 2806 iuniorum
1187 2743 1245 2824 (VI
1270 2745 1322 2824 t),
1347 2743 1457 2805 Iouia·

372 2849 488 2892 norum
510 2829 847 2912 Herculianorumque
867 2766 1032 2892 initiorum
1060 2829 1099 2910 (V
1124 2837 1159 2902 33
1184 2830 1212 2910 4)
1240 2838 1273 2891 et
1293 2830 1458 2892 seniorum

378 2914 448 2995 (Oc.
474 2915 504 2977 V
528 2923 562 2991 23
591 2919 641 3000 3),
666 2915 901 2980 mattiariorunr
923 2914 1089 2977 iuniorum
1117 2916 1182 2994 (Or,
1203 2917 1228 2977 V
1248 2915 1275 2997 7)
1303 2925 1335 2978 et
1350 2913 1458 2978 senio-

371 3023 445 3064 rum
473 3002 530 3084 (VI
547 3003 596 3086 2),
623 3002 786 3065 Dacorum
808 3012 840 3065 et
863 3001 1057 3084 Scythorum
1072 3011 1104 3064 et
1131 3002 1370 3083 (Sarmatarum)
1388 3001 1457 3062 Re-

370 3086 499 3171 giorum
526 3088 643 3166 (V133
670 3096 707 3164 43
734 3096 786 3168 8),
818 3097 916 3170 atque
938 3087 1051 3150 eadem
1074 3087 1271 3163 similitudo,
1303 3109 1400 3170 quam
1422 3086 1458 3147 in

371 3173 421 3234 his
444 3174 646 3251 obseruabit,
671 3175 706 3236 in
728 3174 915 3256 insignibus
938 3195 1066 3256 quoque
1089 3174 1329 3256 sagittariorum
1349 3173 1458 3236 senio-

369 3282 442 3322 rum
463 3261 694 3345 iuniorumque
717 3260 961 3324 Gallicanorum
989 3259 1055 3342 (Or.
1082 3261 1111 3324 V
1139 3267 1192 3339 13;
1224 3261 1271 3342 lt)
1303 3271 1336 3322 et
1357 3259 1458 3342 sagit-

370 3347 524 3410 tariorum
552 3349 717 3411 iuniorum
740 3345 957 3410 Orientalium
980 3345 1282 3429 dominicorumque
1309 3347 1368 3428 (VI
1396 3353 1453 3423 143

373 3434 421 3515 15)
448 3446 637 3532 appareret,
661 3433 727 3496 nisi
747 3433 784 3495 in
807 3453 844 3495 eo
859 3431 990 3508 codice,
1014 3453 1112 3514 quem
1127 3454 1187 3495 nos
1208 3433 1456 3495 describendum

369 3521 566 3601 curauimus,
592 3521 628 3582 in
643 3520 756 3603 clipeis
773 3519 901 3582 duobus
921 3481 1037 3602 (via,
1067 3520 1113 3602 tt)
1134 3519 1244 3602 angeli
1265 3518 1348 3594 bini,
1373 3539 1455 3600 quos

368 3605 425 3668 alii
447 3570 575 3670 codice's
598 3607 789 3685 ostendunt,
817 3540 929 3668 omissi
950 3608 1104 3686 essent¹)‚
1151 3605 1224 3667 Et
1214 3628 1250 3668 m
1270 3604 1374 3689 clipeo
1389 3616 1455 3667 ter-

368 3691 487 3755 tiorum
516 3692 755 3777 sagittariorum
782 3654 931 3755 Valentis
965 3692 1005 3774 (V
1041 3695 1086 3774 15)
1119 3683 1264 3774 alioquin
1291 3691 1456 3754 simillimo

369 3779 514 3842 eiusdem
542 3781 632 3843 modi
661 3778 793 3862 angelos
824 3778 999 3877 aliquando
1036 3779 1158 3854 fuisse,
1198 3798 1394 3861 quamquam
1421 3778 1456 3839 in

368 3865 534 3928 codicibus
556 3888 636 3950 quos
664 3865 732 3929 uidi
757 3865 909 3928 omnibus
933 3865 1115 3950 perierunt,
1150 3866 1302 3946 equidem
1322 3885 1455 3962 persua-

367 3972 440 4012 sum
463 3953 582 4030 habeo,
614 3953 756 4037 clipeum
792 3962 901 4015 autem
931 3973 1024 4027 eum,
1053 3952 1106 4014 oui
1129 3973 1249 4014 nomen
1272 3951 1456 4049 sagittario-

366 4059 438 4100 rum
461 4039 626 4102 seniorum
641 4039 859 4102 Orientalium
874 4037 1074 4122 adscriptum
1089 4047 1138 4101 est
1158 4038 1216 4119 pl
1235 4039 1304 4118 13),
1329 4034 1455 4100 etiamsi

365 4124 526 4224 pictorum
541 4125 692 4189 licentiae
707 4125 811 4188 multa
826 4124 1019 4199 tribuamus,
1041 4145 1115 4186 cum
1131 4085 1330 4222 reliquoririn
1345 4133 1454 4184 tamen

364 4212 606 4294 sagittariorum
633 4212 820 4296 insignibus
851 4210 942 4274 nulla
969 4232 1004 4272 re
1027 4212 1206 4294 comparari
1227 4220 1346 4293 potest.
1389 4208 1452 4270 Sed

435 4418 455 4480 1)
478 4434 508 4471 u.
527 4417 647 4488 picturas
664 4416 793 4471 editionis
812 4414 1020 4486 Bookingianae
1038 4423 1066 4470 et
1083 4415 1243 4470 Basiliensie
1264 4417 1338 4468 1552.
