3262 5200
296 489 297 492 ’
371 500 393 542 x
752 538 753 541 ,
813 503 1012 546 suessano.

373 682 483 757 utpote
514 674 570 755 qui
599 671 721 735 Dieuili
751 672 870 736 librum
898 695 926 736 a.
955 679 1015 736 825
1047 673 1232 738 absolutum
1262 675 1453 742 contineret.

374 761 447 828 Qua
480 781 513 822 re
547 759 644 822 etiam
677 759 738 821 hoe
768 761 921 822 docemur
949 760 1076 824 libellos
1105 761 1179 824 illos
1208 762 1454 840 diuersissimos,

375 845 488 930 quiin
512 845 621 907 codice
645 845 788 928 Spirensi
812 847 978 924 extabant,
1004 858 1060 910 aut
1082 857 1152 911 tum
1175 848 1306 912 demum
1328 851 1363 912 in
1386 873 1457 914 eor-

373 954 434 1017 pus
463 953 565 994 unum
593 932 738 995 redactos
768 954 856 1009 esse,
888 955 962 996 cum
990 934 1060 1017 ipse
1090 935 1370 1013 conscribebatur,
1400 948 1456 1001 aut

372 1042 438 1081 non
461 1019 507 1081 ita
529 1017 630 1080 multo
654 1029 739 1082 ante.
787 1019 900 1102 Itaque
924 1021 1063 1103 singula,
1088 1022 1208 1106 quippe
1226 1045 1308 1105 quae
1324 1045 1364 1086 ex
1379 1023 1455 1086 fon-

373 1105 460 1169 tibus
488 1103 625 1168 diuersis
654 1106 874 1184 manauerint,
907 1106 1003 1189 plane
1032 1108 1161 1172 diuersa
1190 1108 1315 1171 ratione
1338 1111 1454 1172 tradita

373 1214 442 1256 esse
470 1201 620 1274 possunt,
650 1191 684 1252 id
707 1192 793 1273 quod
815 1214 849 1255 re
872 1214 950 1257 uera.
970 1194 1092 1256 fautum
1115 1204 1173 1257 est.
1220 1195 1322 1258 Erant
1344 1206 1452 1261 autem

373 1279 480 1341 omnia
503 1277 598 1340 haec:

462 1371 489 1427 1.
515 1365 663 1426 Picturae
686 1385 760 1440 eae,
786 1385 864 1445 quas
886 1365 1084 1448 Bickingius
1111 1365 1146 1429 in
1168 1367 1281 1450 primis
1304 1367 1454 1432 editionis

373 1473 450 1517 suae
473 1450 559 1513 foliis
583 1449 809 1514 describendas
832 1451 967 1515 curauit.

459 1542 488 1599 2.
515 1535 675 1600 Aethione.
777 1579 778 1583 ,

461 1630 488 1686 3.
515 1622 720 1686 Itinercriam
748 1623 919 1703 Antonini,
958 1624 1050 1687 euius
1080 1647 1195 1688 uersus
1223 1626 1319 1710 primi
1350 1649 1453 1710 usque
1546 1671 1550 1675 -
1604 1613 1605 1622 ἵ

372 1711 412 1775 ad
435 1711 534 1773 uerba
557 1708 731 1772 »nationem
753 1711 837 1792 qnool
857 1709 1047 1774 macarias«
1077 1722 1134 1774 aut
1163 1711 1370 1776 rubricatoris
1393 1736 1454 1777 ne-

372 1795 536 1881 glegentia
559 1795 669 1869 omissi
692 1805 784 1859 erant
807 1807 863 1860 aut
885 1797 1013 1860 saeculo
1032 1797 1097 1860 XV
1121 1797 1165 1860 ita
1188 1810 1398 1875 euanuerant‚
1417 1810 1454 1863 ut

371 1885 437 1971 legi
460 1883 524 1947 iam
546 1904 613 1946 non
635 1892 767 1965 possent
778 1885 812 1960 ¹).

460 1977 490 2031 4.
516 1973 641 2052 Septem
663 1965 781 2032 montes
805 1969 893 2033 ardis
915 1971 1045 2034 Romae.

460 2063 489 2118 5.
517 2055 670 2138 Dicnil2).

460 2152 489 2206 6.
515 2141 641 2207 Notitia
666 2140 857 2206 Gallienam.

461 2238 487 2292 7.
519 2228 703 2294 Latercnlas
725 2226 863 2291 Polemii
882 2227 988 2292 Siluii.

460 2322 489 2378 8.
516 2319 568 2380 De
590 2313 760 2392 montibus,
783 2314 885 2396 portis
907 2323 938 2378 et
959 2314 1020 2378 nia's
1042 2315 1129 2379 arta
1152 2319 1281 2380 Romae.

460 2411 488 2466 9.
517 2405 568 2466 De
582 2401 673 2464 celas
690 2400 817 2464 bellicis.
860 2401 1041 2485 Impressus
1057 2413 1105 2465 est
1120 2403 1155 2465 in
1171 2402 1368 2465 editionibus
1383 2401 1453 2464 No-

372 2493 461 2555 titiae
476 2489 684 2572 Dignitatum
699 2487 803 2551 Basil.
822 2491 928 2562 1552;
942 2489 1047 2572 ancl.
1068 2491 1154 2552 1608
1170 2488 1304 2570 append.
1317 2510 1353 2570 p.
1370 2491 1433 2550 201
1439 2515 1453 2562 ,·

376 2581 494 2643 Genea.
513 2579 599 2638 1623
620 2574 754 2657 append.
777 2595 813 2655 p.
838 2578 901 2648 25‚·
923 2574 1031 2637 Paris.
1057 2578 1139 2636 1651
1161 2596 1199 2656 p.
1226 2578 1299 2636 164.

405 2739 408 2744 ¹
441 2671 489 2725 10.
517 2659 701 2744 Disputatio
729 2659 897 2723 Hadriani
922 2660 1063 2742 Aapnsti
1090 2669 1121 2724 et
1148 2659 1291 2743 Epicteti
1310 2660 1454 2743 philoso-

366 2751 447 2834 phi·
469 2750 626 2832 impressa
647 2746 679 2808 in
698 2748 775 2810 Not.
794 2745 893 2830 Dipn.
920 2748 968 2810 eol.
987 2746 1092 2810 Basil.
1119 2750 1222 2822 1552,·
1243 2747 1350 2810 Paris.
1370 2750 1452 2809 1651

365 2860 393 2920 p
440 2930 489 2984 11.
515 2918 639 2984 Notitia
660 2919 746 2982 ardis
767 2920 889 2983 Romae
911 2940 984 2981 cum
1005 2919 1217 3003 inscriptione
1240 2918 1318 2983 hac:
1352 2945 1364 2975 »
1373 2918 1453 2981 Urbs

372 3032 450 3094 qnae
472 3006 640 3090 aliqnando
664 3005 804 3068 desolata
826 3027 907 3067 nanc
940 3004 1106 3092 clariosior
1134 3005 1198 3090 (sie)
1227 3003 1372 3088 piissimo
1394 3004 1455 3067 int-

365 3096 457 3180 pcrio
473 3100 680 3157 restaurata«

441 3187 488 3243 12.
516 3177 641 3244 Notitia
662 3177 749 3241 aclis
774 3177 1148 3260 Constantinopolitanae.

442 3275 489 3329 13.
517 3268 569 3328 De
589 3264 739 3349 proditas
755 3264 995 3348 copnationnm;
1017 3265 1192 3348 impressus
1214 3265 1248 3326 in
1269 3266 1363 3345 Corp.
1383 3265 1452 3326 Iar.

372 3353 518 3419 cateiast.
552 3353 601 3414 ed.
624 3350 782 3435 'Beelinp
808 3373 847 3433 p.
874 3354 959 3426 173,·
992 3349 1246 3434 Iarispradentia
1272 3347 1452 3414 anteinstin.

371 3443 420 3505 ed.
446 3437 598 3504 Hnselclce
617 3459 651 3520 p.
677 3440 752 3500 386.
926 3477 929 3484 .

439 3534 487 3589 14.
513 3523 638 3588 Notitia
660 3524 871 3608 Dipnitatnm.

457 3613 570 3675 Partes
594 3617 709 3674 9-14
741 3632 852 3674 omnes
875 3609 1010 3694 picturis
1033 3618 1164 3672 ornatae
1194 3616 1297 3672 erant.

458 3696 624 3761 Librarius
646 3697 681 3760 in
697 3696 805 3760 codiee
822 3695 968 3781 Spirensi
991 3695 1160 3760 scribendo
1181 3695 1258 3758 satis
1282 3693 1457 3777 diligenter

371 3794 519 3850 uersatus
543 3793 603 3860 est,
627 3804 703 3846 nam
726 3792 759 3845 et
779 3782 902 3846 litterae
925 3781 995 3846 eius
1019 3794 1083 3845 tarn
1105 3781 1221 3865 planae
1241 3790 1274 3844 et
1289 3801 1456 3864 expressae

372 3881 479 3946 erant,
512 3880 549 3932 ut
580 3871 610 3933 ei
640 3870 694 3953 qui
718 3878 830 3952 postea
852 3868 996 3931 codicem
1012 3868 1267 3951 descripserunt,
1292 3867 1357 3930 nisi
1377 3866 1456 3928 loeis

372 3957 565 4042 quibusdam
588 3955 735 4019 euanidis
758 3965 790 4017 et
812 3955 895 4018 carie
910 3954 1067 4038 corruptis
1089 3955 1124 4016 in
1141 3953 1321 4017 litterarum
1342 3952 1455 4016 formis

371 4045 428 4108 uix
451 4063 592 4125 unquam
617 4041 757 4104 haesisse
781 4041 968 4119 uideantur,
1006 4050 1038 4103 et
1060 4040 1274 4122 corntptelas,
1311 4061 1392 4122 quae
1416 4060 1456 4102 ex

447 4217 469 4278 1)
491 4215 525 4268 In
543 4213 609 4267 edit.
635 4211 755 4282 Parthey
774 4220 801 4265 et
823 4210 925 4264 Pinder
949 4210 1081 4280 genuinas
1106 4209 1206 4264 oodiois
1232 4209 1302 4280 Spir.
1328 4209 1458 4265 lectiones

374 4283 507 4338 exhibent
529 4283 624 4346 TUV3
650 4284 701 4342 OQ
719 4301 734 4335 e
752 4280 844 4333 oodioe
862 4278 915 4332 alio
934 4279 1047 4334 correcti
1066 4286 1138 4332 sunt.

447 4355 470 4418 2]
501 4353 570 4408 Vin
588 4349 652 4404 edit.
667 4349 798 4419 Parthey,
820 4351 847 4404 B
859 4348 889 4401 in
907 4348 972 4404 edit.
987 4350 1124 4403 Letronne
1137 4366 1151 4400 e
1164 4349 1222 4402 eod.
1239 4347 1361 4419 Spirensi
1374 4347 1461 4402 fluxe-

372 4429 446 4476 runt.
