3262 5200
268 1023 270 1028 ’
363 1024 470 1088 diano.

364 509 474 552 XXVIII
826 509 1018 552 PRAEFATIO.

364 679 481 743 addere
512 679 626 756 liceat,
659 677 853 760 exemplaria
891 677 1092 761 singularum
1123 677 1335 753 familiarum,
1371 698 1453 759 quae

364 788 423 828 nos
454 765 680 839 adhibuimus,
715 785 814 848 prope
845 765 955 827 omnia
984 763 1121 828 saeculis
1150 786 1237 826 nono
1266 773 1298 826 et
1328 763 1453 825 decimo

365 851 484 935 scripta
506 874 594 926 esse,
620 851 665 914 ita
687 861 724 912 ut
747 874 765 912 a
787 850 1013 933 probabilitate
1036 851 1170 913 minime
1193 849 1374 924 abhorreat,
1401 871 1452 911 ar-

365 939 519 1020 chetypos
553 959 662 1002 earum
696 936 751 999 uel
784 937 982 1018 antiquiores
1019 936 1119 1000 fuisse
1158 935 1270 1000 codice
1305 937 1451 998 Sirmon-

452 1111 491 1171 ln
514 1109 605 1172 libris
629 1108 693 1184 eis,
718 1131 856 1191 quorum
879 1117 1051 1171 contextus
1073 1109 1205 1172 testium
1220 1105 1364 1190 plurium
1386 1109 1450 1170 fide

364 1197 545 1271 nitebatur,
578 1194 719 1259 familiae
748 1196 904 1278 cuiusque
934 1193 1114 1276 specimina
1135 1195 1214 1256 bina
1236 1194 1313 1257 satis
1337 1215 1450 1276 super-

365 1305 427 1364 que
450 1281 664 1358 uidebantur,
689 1280 724 1342 in
747 1282 874 1346 Notitia
897 1280 1103 1360 llignitatum
1126 1291 1246 1355 antem,
1278 1302 1360 1363 quae
1385 1289 1451 1343 tota

366 1390 406 1431 ex
428 1391 494 1431 uno
517 1368 607 1430 fonte
630 1367 808 1432 haurienda
831 1377 914 1442 erat,
946 1367 1131 1451 apographa
1160 1366 1230 1428 eins
1259 1365 1369 1429 omnia
1392 1367 1450 1428 ad-

365 1454 469 1517 hibui.
525 1453 722 1516 Auctoritati
751 1453 873 1517 codicis
903 1452 1000 1515 unius
1033 1475 1072 1515 ex
1100 1453 1147 1515 eis
1177 1451 1232 1535 qui
1264 1453 1450 1534 superstites

307 1549 310 1554 '
365 1550 491 1616 essent,
517 1550 621 1603 totum
636 1561 687 1602 me
702 1540 850 1604 addicere
866 1539 959 1603 nolui
974 1561 1078 1622 neque
1099 1539 1209 1621 potui;
1234 1559 1346 1601 omnes
1363 1539 1450 1600 enim

365 1637 431 1690 tam
454 1625 626 1707 diligenter
649 1626 803 1708 descripti
825 1636 921 1701 sunt,
945 1635 983 1688 ut
1004 1625 1195 1709 plerumque
1211 1625 1308 1688 etiam
1330 1625 1365 1686 in
1388 1624 1451 1687 mi-

365 1713 462 1776 nimis
485 1712 581 1775 rebus
605 1711 808 1795 conspirent,
834 1723 866 1775 et
882 1712 938 1774 ubi
954 1711 1160 1787 dissentiunt,
1183 1732 1360 1773 consensus
1375 1732 1449 1793 par·

365 1799 406 1863 tis
429 1799 575 1874 maioris,
611 1799 646 1861 id
668 1800 755 1881 quod
777 1821 847 1861 raro
877 1798 956 1860 alias
986 1798 1113 1873 euenit,
1148 1797 1216 1860 fere
1245 1818 1304 1878 pro
1333 1797 1450 1860 tradita

364 1885 504 1948 lectione
526 1884 677 1948 habenda
706 1893 764 1948 est.
811 1885 942 1948 Uariam
969 1883 1143 1947 lectionem
1172 1884 1332 1964 integram
1361 1883 1446 1959 dedi,

364 1971 428 2034 nisi
451 1971 538 2053 quod
552 1971 707 2034 minutias
721 1992 807 2034 mere
824 1969 1087 2053 orthographicas
1104 1967 1286 2052 suppressi,
1312 1978 1344 2031 et
1356 1969 1450 2052 plura

366 2058 501 2121 fortasse
525 2056 757 2140 supprimenda
779 2068 889 2132 erant,
915 2077 998 2140 quae
1021 2056 1123 2119 editor
1138 2077 1253 2139 parum
1269 2055 1375 2120 adhuc
1391 2077 1449 2118 ex-

364 2155 494 2226 pertum
519 2143 668 2226 quamuis
689 2143 820 2207 inutilia
842 2163 912 2206 esse
933 2142 1188 2225 perspexissem,
1212 2141 1310 2204 nimis
1333 2142 1449 2205 anxius

363 2230 399 2292 in
423 2239 612 2313 apparatum
634 2230 782 2292 criticum
804 2229 922 2313 recepi.
949 2229 988 2290 In
1010 2227 1200 2291 nominibus
1215 2227 1347 2291 urbium
1362 2227 1450 2290 loro-

364 2338 437 2379 rum
460 2316 654 2399 populorum
676 2316 901 2390 barbarorum,
934 2314 1077 2398 exceptis
1099 2313 1277 2378 notissimis
1299 2323 1337 2376 ut
1359 2337 1387 2377 e.
1412 2337 1445 2398 g.

364 2403 543 2477 Rauenna,
574 2404 726 2482 Astures,
759 2400 844 2464 nihil
865 2401 1056 2476 immutaui,
1089 2401 1145 2463 sed
1168 2422 1251 2482 quae
1280 2400 1316 2462 in
1339 2401 1448 2464 codice

322 2522 324 2526 ·
366 2489 512 2571 Spirensi
541 2488 660 2572 scripta
688 2487 789 2550 fuisse
811 2508 1002 2571 persuasum
1024 2486 1201 2562 habebam,
1238 2509 1276 2550 ea
1303 2486 1339 2549 in
1368 2507 1448 2548 con-

262 2620 264 2624 ·
350 2584 455 2656 ¹tantu
478 2573 627 2658 religiose
649 2573 823 2658 proposui,
849 2573 999 2638 omnibus
1016 2595 1098 2656 quae
1120 2573 1162 2636 ad
1177 2573 1380 2637 emendanda
1394 2572 1449 2635 uel

365 2660 559 2744 explicanda
573 2660 706 2722 nomina
721 2660 881 2737 facerent,
906 2660 941 2722 in
957 2660 1180 2723 adnotationes
1196 2658 1333 2721 reiectis.
1360 2658 1448 2721 Con-

364 2746 523 2823 iecturas,
555 2768 638 2828 quae
667 2767 717 2808 res
746 2747 834 2829 ipsas
861 2755 1063 2828 spectarent,
1093 2755 1150 2808 aut
1179 2746 1207 2808 si
1230 2757 1334 2808 certae
1357 2754 1449 2806 erant

365 2843 422 2896 aut
444 2833 472 2895 si
494 2842 685 2914 conspectus
701 2833 860 2916 generalis
881 2833 1028 2896 locorum
1049 2833 1085 2894 in
1099 2830 1286 2894 huiusmodi
1303 2830 1448 2914 catalogo

366 2918 500 2981 minime
528 2920 786 2982 contemnendus
815 2919 877 2982 hac
910 2941 944 2982 re
981 2918 1163 2992 innotatur,
1194 2919 1229 2980 in
1260 2926 1446 2980 contextum

364 3005 489 3089 recepi;
513 3004 671 3088 reliquas,
696 3004 760 3067 nisi
789 3027 872 3088 quae
900 3003 1025 3068 nullam
1046 3003 1308 3088 probabilitatem
1330 3003 1448 3066 habere

365 3091 572 3168 uiderentur,
610 3091 765 3177 proposui
792 3091 826 3154 in
857 3091 1132 3154 adnotationibus.
1187 3089 1310 3152 Omnes
1340 3100 1447 3152 autern

366 3177 481 3241 litteris
504 3177 671 3242 inclinatis
694 3178 852 3262 distingui
873 3176 974 3252 iussi,
999 3177 1044 3238 ita
1066 3186 1104 3239 ut
1126 3177 1247 3259 ubique
1262 3175 1367 3259 primo
1390 3175 1449 3238 ob-

367 3273 440 3327 tutu
464 3275 633 3347 appareat,
659 3286 741 3346 quae
763 3265 879 3328 nauita
902 3263 987 3339 sint,
1013 3283 1095 3345 quae
1118 3284 1158 3326 ex
1181 3262 1367 3325 coniectura
1389 3283 1449 3344 po-

366 3349 438 3414 sita.
485 3351 524 3412 In
537 3351 643 3426 ⁴rebus
667 3350 940 3434 orthographicis,
973 3349 1033 3411 etsi
1060 3359 1147 3412 recta
1176 3347 1339 3411 scribendi
1368 3349 1449 3411 ratio

365 3436 430 3498 iam
454 3457 490 3498 eo
513 3446 674 3520 tempore,
707 3458 770 3519 quo
800 3436 925 3500 Notitia
949 3433 1153 3518 Dignitatum
1181 3434 1358 3517 composita
1387 3445 1448 3509 est,

365 3544 432 3585 non
456 3541 582 3605 semper
604 3523 772 3586 obseruata
788 3522 849 3598 sit,
874 3544 926 3585 me
944 3531 1054 3584 tamen
1076 3521 1174 3584 nimis
1190 3520 1286 3584 anxie
1301 3521 1449 3583 codicum

366 3608 547 3672 auctoritati
568 3609 733 3672 addictum
755 3608 874 3685 luisse,
906 3630 995 3670 nunc
1024 3607 1156 3689 quidem
1183 3607 1360 3690 perspicio,
1393 3607 1449 3668 sed

366 3695 448 3758 libro
478 3693 543 3757 iam
573 3695 696 3758 dudum
725 3696 881 3778 impresso
911 3693 994 3757 nihil
1023 3693 1187 3756 immutari
1213 3701 1332 3776 potest.
1391 3692 1449 3754 Irr-

368 3781 474 3866 signia
496 3803 536 3843 ex
559 3803 598 3844 ea
620 3781 738 3844 codicis
761 3780 969 3844 Monacensis
984 3790 1092 3863 parte,
1117 3801 1214 3861 quam
1229 3777 1450 3842 fidelissimam

366 3867 532 3950 archetypi
546 3867 722 3949 imaginem
737 3868 870 3930 reddere
886 3887 983 3950 supra
1004 3865 1044 3948 (p.
1060 3866 1139 3946 VII)
1159 3864 1321 3941 indicaui,
1339 3865 1450 3929 charta

367 3954 511 4019 dilucida
532 3953 661 4037 paginis
683 3952 835 4036 imposita
857 3952 1029 4034 diligenter
1052 3951 1160 4015 efficta
1185 3961 1262 4014 sunt
1284 3961 1317 4014 et
1338 3961 1451 4034 postea

366 4064 405 4106 eo
427 4042 661 4114 instrumento,
686 4039 772 4122 quod
794 4038 937 4102 ciconiae
960 4049 1099 4101 rostrum
1121 4037 1332 4121 appellamus
1358 4036 1449 4120 ligno

367 4127 553 4211 inscriptae.
608 4125 693 4188 Cum
715 4135 823 4189 autem
845 4123 1013 4199 miniator,
1043 4126 1100 4206 qui
1122 4123 1211 4186 illam
1234 4122 1352 4186 codicis
1374 4145 1449 4205 par-

368 4225 433 4278 tem
455 4212 610 4288 confecit,
636 4212 671 4274 in
694 4211 866 4295 pingendis
889 4210 986 4272 rebus
1008 4211 1143 4273 minutis
1166 4220 1199 4272 et
1221 4230 1330 4272 curam
1350 4209 1452 4272 maio-
1536 4231 1545 4240 ·

368 4323 436 4364 rem
469 4297 709 4382 requirentibus
742 4318 807 4359 non
841 4318 1011 4379 nunquam
1047 4295 1266 4380 negligentius
1304 4304 1452 4358 uersatus

370 4396 473 4464 esset,
509 4383 626 4448 melius
656 4405 710 4446 me
740 4383 895 4446 lectorum
931 4383 1101 4446 commodo
1130 4381 1354 4446 consulturum
1383 4402 1453 4446 esse
