3262 5200
514 1393 915 1476 PRAEFATIO.

663 1633 763 1642 1—--.

264 1791 339 1880 Res
363 1813 472 1878 critica
499 1810 654 1874 librorum
682 1834 783 1897 prope
812 1815 973 1896 omnium,
1007 1837 1086 1898 quos
1114 1815 1175 1878 hoc
1198 1835 1255 1878 vo*

176 1910 298 1974 lumine
329 1909 639 1995 conprehendimus,
677 1919 734 1972 aut
768 1921 834 1976 tota
867 1923 923 1976 aut
951 1935 1069 1998 magna
1099 1934 1139 1978 ex
1165 1921 1256 1997 parte

174 1997 289 2062 nititur
312 2018 378 2060 uno
401 1996 512 2060 codice
534 1996 777 2080 manuscripto,
805 1997 861 2082 qui
878 1998 990 2083 Spirae
1011 2000 1175 2084 quondam
1198 2000 1256 2062 ad-

177 2092 323 2149 seruatus
346 2093 420 2169 post
442 2082 587 2148 medium
611 2105 636 2145 s.
654 2083 735 2145 XVI
757 2083 864 2168 periit.
913 2087 978 2150 Sed
1001 2087 1154 2170 quoniam
1177 2107 1256 2170 opo·

175 2170 298 2255 grapho
327 2171 396 2234 eius
426 2179 576 2253 quattuor
605 2178 731 2246 extant,
767 2191 849 2252 quae
879 2173 988 2236 omnia
1016 2195 1054 2236 eu
1084 2195 1157 2236 cum
1180 2193 1257 2236 cure

175 2257 261 2320 facta
290 2267 381 2336 sunt,
414 2266 451 2318 ut
481 2255 578 2319 etiam
607 2256 642 2318 in
665 2255 808 2320 minimis
831 2259 927 2321 rebus
955 2258 1155 2344 conspirent,
1189 2279 1256 2320 non

176 2353 224 2406 est
246 2364 304 2406 cur
326 2342 481 2407 iacturam
496 2363 693 2427 magnopere
708 2342 888 2408 doleamus.
935 2345 985 2410 De
1001 2344 1152 2408 omnibus
1168 2344 1256 2408 enim

174 2429 249 2492 libri
279 2429 424 2513 primarii
445 2427 630 2514 scripturis,
669 2428 749 2512 quin
782 2428 880 2494 etiam
914 2431 954 2494 de
990 2431 1152 2496 diuisione
1186 2429 1255 2494 eius

175 2516 209 2580 in
231 2515 368 2602 paginas
391 2525 424 2580 et
446 2514 613 2579 columnas
634 2536 737 2598 aeque
760 2527 887 2580 constat
909 2539 946 2582 ac
970 2518 998 2582 si
1012 2517 1083 2601 ipsa
1097 2527 1254 2592 maneret,

177 2614 274 2687 atque
297 2603 379 2667 adeo
402 2601 547 2686 picturae
569 2601 639 2666 eius
662 2601 750 2665 felici
765 2605 906 2686 quodem
928 2626 1005 2668 casu
1023 2604 1258 2689 propemodum

176 2691 322 2774 integrae
344 2689 385 2752 ad
407 2711 466 2752 nos
489 2699 719 2770 peruenerunt.
766 2690 810 2754 Et
831 2691 918 2774 quod
934 2691 980 2754 eis
1004 2690 1159 2766 aeacidis,
1184 2689 1257 2773 qui-

176 2777 237 2840 bus
260 2775 447 2861 apographa
467 2773 524 2838 illa
547 2774 812 2852 consenescunt,
836 2776 907 2842 fieri
930 2777 1070 2854 solebat,
1105 2775 1259 2840 uidelicet

177 2872 212 2924 ut
240 2861 275 2925 in
298 2859 426 2945 antiqui
454 2859 648 2944 exemplaris
678 2855 812 2945 picturis
841 2863 1059 2928 describendis
1087 2883 1138 2926 res
1169 2862 1258 2947 ipsae

113 3021 115 3028 ¹
177 2947 309 3032 quidem
338 2948 567 3024 redderentur,
605 2947 662 3010 sed
696 2947 903 3014 adhiberetur
936 2949 1068 3014 nouella
1100 2948 1258 3033 pingendi

177 3037 258 3100 ratio
282 3044 315 3100 et
336 3034 503 3118 supellex,
535 3033 700 3110 aedificia,
733 3033 853 3100 similia
876 3035 910 3100 in
932 3057 986 3100 eas
1008 3037 1128 3101 formas
1151 3043 1257 3098 muta-

176 3132 301 3201 rentur,
330 3143 412 3204 quae
435 3118 615 3184 miniatoris
638 3127 741 3184 aetate
764 3119 799 3183 in
814 3144 876 3186 usu
893 3133 1016 3200 essent,
1041 3122 1075 3188 id
1090 3122 1125 3186 in
1140 3120 1258 3185 nostris

176 3230 305 3294 quoque
329 3207 492 3272 codicibus
525 3207 647 3270 lactum
669 3216 735 3282 cst3
769 3209 826 3272 sed
854 3229 928 3274 curn
951 3208 1115 3274 Othonem
1137 3207 1261 3272 Henri-

178 3317 253 3360 cum
276 3296 427 3360 comitem
449 3293 632 3358 Palatinum
655 3292 690 3356 in
714 3315 751 3358 eo
767 3295 962 3380 exemplari,
986 3295 1072 3380 quod
1096 3317 1114 3358 a
1136 3293 1260 3358 clericis

178 3381 385 3467 Spirensibus
408 3381 494 3444 dono
516 3389 702 3463 acceperat,
731 3379 932 3464 picturarum
955 3381 1135 3446 immutatio
1158 3379 1261 3444 offen-

179 3470 287 3545 deret,
323 3468 460 3531 alterum
495 3488 605 3531 earum
639 3466 823 3550 exemplum
857 3467 1040 3532 confectum
1074 3477 1138 3544 est,
1174 3467 1261 3548 quod

177 3556 297 3620 formas
333 3553 454 3619 codicis
484 3551 629 3636 primarii
657 3573 753 3634 quarn
783 3556 1022 3619 accuratissime
1051 3553 1198 3618 redderet
1229 3563 1262 3616 et

176 3641 258 3706 libro
292 3640 391 3726 priori
412 3640 575 3703 adnexum
604 3637 760 3724 principis
786 3641 945 3706 desiderio
974 3642 1147 3706 sufficeret.
1194 3638 1260 3706 Qui

178 3728 260 3792 liber
281 3727 405 3812 duplici
428 3727 626 3810 picturarum
650 3726 731 3790 serie
756 3735 932 3798 edomatus
954 3728 1060 3793 adhuc
1088 3727 1124 3790 iu
1145 3724 1265 3789 biblio-

180 3815 274 3882 theca
295 3813 485 3878 Monacensi
508 3812 744 3895 adsernatnr'l
796 3819 909 3902 Itaque
931 3818 971 3881 de
994 3813 1144 3880 omnibus
1173 3811 1265 3876 ccdi-

180 3901 226 3964 cis
255 3899 417 3986 Spirensis
447 3899 593 3986 pertibus
627 3898 761 3984 plenum
791 3915 823 3967 et
851 3913 974 3968 certum
1002 3899 1159 3966 iudicium
1188 3897 1264 3962 ferri

224 3997 296 4052 test.

181 4009 221 4071 po
266 4075 339 4142 Ouo
363 4073 397 4136 in
419 4072 502 4137 libro
526 4072 694 4136 scribendo
717 4093 792 4142 cum
814 4076 969 4144 librarius
988 4099 1008 4140 a
1029 4073 1136 4139 littera
1155 4079 1264 4155 aperta

182 4159 344 4224 interdum
362 4181 442 4223 usus
465 4169 567 4235 esset,
592 4158 722 4223 saeculo
741 4164 913 4229 undecimo
930 4161 1086 4226 recentior
1101 4179 1168 4222 non
1187 4154 1262 4234 fuit,

185 4269 289 4330 neque
312 4257 421 4311 tamen
444 4256 519 4310 ante
547 4245 691 4310 medium
720 4251 884 4316 saeculum
907 4270 1030 4313 nonum
1054 4242 1261 4332 compositus,

256 4435 277 4500 l)
300 4451 326 4488 u.
348 4433 403 4490 Zur
421 4431 516 4488 Kritik
535 4433 583 4489 der
601 4439 635 4494 N.
657 4441 692 4494 Ι),
713 4440 831 4495 Hermae
848 4445 869 4494 t.
890 4439 932 4493 IX
952 4455 978 4509 p.
997 4439 1056 4491 2¹8.
