<?xml version="1.0" encoding="UTF-8"?>
<!DOCTYPE html PUBLIC "-//W3C//DTD XHTML 1.0 Transitional//EN"
    "http://www.w3.org/TR/xhtml1/DTD/xhtml1-transitional.dtd">
<html xmlns="http://www.w3.org/1999/xhtml" xml:lang="en" lang="en">
 <head>
  <title>
</title>
<meta http-equiv="Content-Type" content="text/html;charset=utf-8" />
  <meta name='ocr-system' content='tesseract 3.04.00' />
  <meta name='ocr-capabilities' content='ocr_page ocr_carea ocr_par ocr_line ocrx_word'/>
</head>
<body>
  <div class='ocr_page' id='page_1' title='image "./notitiadignitat00seecgoog/notitiadignitat00seecgoog_0031.png"; bbox 0 0 3262 5200; ppageno 0'>
   <div class='ocr_carea' id='block_1_1' title="bbox 364 507 1009 555">
    <p class='ocr_par' dir='ltr' id='par_1_1' title="bbox 364 507 1009 555">
     <span class='ocr_line' id='line_1_1' title="bbox 364 507 1009 555; baseline 0.006 -5"><span class='ocrx_word' id='word_1_1' title='bbox 364 507 447 551; x_wconf 80' lang='lat' dir='ltr'>XXVI</span> <span class='ocrx_word' id='word_1_2' title='bbox 814 511 1009 555; x_wconf 81' lang='lat' dir='ltr'>PRAEFATIO.</span> 
     </span>
    </p>
   </div>
   <div class='ocr_carea' id='block_1_2' title="bbox 363 679 1475 4298">
    <p class='ocr_par' dir='ltr' id='par_1_2' title="bbox 363 679 1453 2488">
     <span class='ocr_line' id='line_1_2' title="bbox 451 679 1448 766; baseline 0.009 -26"><span class='ocrx_word' id='word_1_3' title='bbox 451 679 580 741; x_wconf 82' lang='lat' dir='ltr'>Praeter</span> <span class='ocrx_word' id='word_1_4' title='bbox 609 702 647 742; x_wconf 92' lang='lat' dir='ltr'>ea</span> <span class='ocrx_word' id='word_1_5' title='bbox 675 681 812 756; x_wconf 89' lang='lat' dir='ltr'>menda,</span> <span class='ocrx_word' id='word_1_6' title='bbox 848 680 967 763; x_wconf 90' lang='lat' dir='ltr'>quibus</span> <span class='ocrx_word' id='word_1_7' title='bbox 996 683 1035 744; x_wconf 89' lang='lat' dir='ltr'>de</span> <span class='ocrx_word' id='word_1_8' title='bbox 1070 683 1212 765; x_wconf 75' lang='lat' dir='ltr'>egimuS,</span> <span class='ocrx_word' id='word_1_9' title='bbox 1249 685 1448 766; x_wconf 73' lang='lat' dir='ltr'>corruptelae</span> 
     </span>
     <span class='ocr_line' id='line_1_3' title="bbox 363 766 1449 851; baseline 0.005 -23"><span class='ocrx_word' id='word_1_10' title='bbox 363 787 519 850; x_wconf 81' lang='lat' dir='ltr'>perquam</span> <span class='ocrx_word' id='word_1_11' title='bbox 541 766 662 830; x_wconf 91' lang='lat' dir='ltr'>multae</span> <span class='ocrx_word' id='word_1_12' title='bbox 685 789 725 830; x_wconf 90' lang='lat' dir='ltr'>ex</span> <span class='ocrx_word' id='word_1_13' title='bbox 746 766 861 829; x_wconf 90' lang='lat' dir='ltr'>litteris</span> <span class='ocrx_word' id='word_1_14' title='bbox 884 768 1141 851; x_wconf 85' lang='lat' dir='ltr'>anglosaxonicis</span> <span class='ocrx_word' id='word_1_15' title='bbox 1164 769 1248 832; x_wconf 92' lang='lat' dir='ltr'>male</span> <span class='ocrx_word' id='word_1_16' title='bbox 1264 769 1355 833; x_wconf 89' lang='lat' dir='ltr'>lectis</span> <span class='ocrx_word' id='word_1_17' title='bbox 1372 793 1449 834; x_wconf 90' lang='lat' dir='ltr'>ena-</span> 
     </span>
     <span class='ocr_line' id='line_1_4' title="bbox 364 853 1450 938; baseline 0.003 -23"><span class='ocrx_word' id='word_1_18' title='bbox 364 864 415 915; x_wconf 90' lang='lat' dir='ltr'>tae</span> <span class='ocrx_word' id='word_1_19' title='bbox 438 862 532 928; x_wconf 89' lang='lat' dir='ltr'>sunt,</span> <span class='ocrx_word' id='word_1_20' title='bbox 563 855 651 936; x_wconf 93' lang='lat' dir='ltr'>quod</span> <span class='ocrx_word' id='word_1_21' title='bbox 673 853 708 915; x_wconf 91' lang='lat' dir='ltr'>in</span> <span class='ocrx_word' id='word_1_22' title='bbox 731 853 843 935; x_wconf 91' lang='lat' dir='ltr'>primis</span> <span class='ocrx_word' id='word_1_23' title='bbox 867 864 1000 938; x_wconf 87' lang='lat' dir='ltr'>apparet</span> <span class='ocrx_word' id='word_1_24' title='bbox 1022 854 1056 916; x_wconf 92' lang='lat' dir='ltr'>in</span> <span class='ocrx_word' id='word_1_25' title='bbox 1079 856 1372 938; x_wconf 81' lang='lat' dir='ltr'>permutationibus</span> <span class='ocrx_word' id='word_1_26' title='bbox 1394 857 1450 918; x_wconf 91' lang='lat' dir='ltr'>lit-</span> 
     </span>
     <span class='ocr_line' id='line_1_5' title="bbox 364 939 1449 1025; baseline 0.005 -25"><span class='ocrx_word' id='word_1_27' title='bbox 364 939 503 1000; x_wconf 90' lang='lat' dir='ltr'>lerarum</span> <span class='ocrx_word' id='word_1_28' title='bbox 533 961 554 1000; x_wconf 80' lang='lat' dir='ltr'>a</span> <span class='ocrx_word' id='word_1_29' title='bbox 577 949 608 1000; x_wconf 90' lang='lat' dir='ltr'>et</span> <span class='ocrx_word' id='word_1_30' title='bbox 636 961 670 1016; x_wconf 82' lang='lat' dir='ltr'>r,</span> <span class='ocrx_word' id='word_1_31' title='bbox 695 961 713 1001; x_wconf 82' lang='lat' dir='ltr'>r</span> <span class='ocrx_word' id='word_1_32' title='bbox 735 949 767 1002; x_wconf 94' lang='lat' dir='ltr'>et</span> <span class='ocrx_word' id='word_1_33' title='bbox 788 962 826 1023; x_wconf 75' lang='lat' dir='ltr'>y,</span> <span class='ocrx_word' id='word_1_34' title='bbox 858 965 878 1002; x_wconf 88' lang='lat' dir='ltr'>o</span> <span class='ocrx_word' id='word_1_35' title='bbox 900 949 933 1002; x_wconf 93' lang='lat' dir='ltr'>et</span> <span class='ocrx_word' id='word_1_36' title='bbox 954 963 974 1002; x_wconf 83' lang='lat' dir='ltr'>a</span> <span class='ocrx_word' id='word_1_37' title='bbox 997 951 1064 1004; x_wconf 87' lang='lat' dir='ltr'>tam</span> <span class='ocrx_word' id='word_1_38' title='bbox 1092 963 1187 1024; x_wconf 83' lang='lat' dir='ltr'>saepe</span> <span class='ocrx_word' id='word_1_39' title='bbox 1218 943 1380 1025; x_wconf 90' lang='lat' dir='ltr'>repetitis,</span> <span class='ocrx_word' id='word_1_40' title='bbox 1412 955 1449 1005; x_wconf 89' lang='lat' dir='ltr'>ut</span> 
     </span>
     <span class='ocr_line' id='line_1_6' title="bbox 364 1025 1448 1109; baseline 0.003 -22"><span class='ocrx_word' id='word_1_41' title='bbox 364 1025 431 1088; x_wconf 84' lang='lat' dir='ltr'>iere</span> <span class='ocrx_word' id='word_1_42' title='bbox 454 1026 493 1087; x_wconf 91' lang='lat' dir='ltr'>ad</span> <span class='ocrx_word' id='word_1_43' title='bbox 518 1025 685 1087; x_wconf 81' lang='lat' dir='ltr'>arbitrium</span> <span class='ocrx_word' id='word_1_44' title='bbox 709 1046 807 1087; x_wconf 89' lang='lat' dir='ltr'>unam</span> <span class='ocrx_word' id='word_1_45' title='bbox 830 1048 888 1109; x_wconf 92' lang='lat' dir='ltr'>pro</span> <span class='ocrx_word' id='word_1_46' title='bbox 912 1026 1011 1090; x_wconf 88' lang='lat' dir='ltr'>altera</span> <span class='ocrx_word' id='word_1_47' title='bbox 1028 1049 1145 1109; x_wconf 91' lang='lat' dir='ltr'>ponere</span> <span class='ocrx_word' id='word_1_48' title='bbox 1168 1027 1273 1090; x_wconf 88' lang='lat' dir='ltr'>liceat.</span> <span class='ocrx_word' id='word_1_49' title='bbox 1321 1028 1448 1091; x_wconf 85' lang='lat' dir='ltr'>Diuisio</span> 
     </span>
     <span class='ocr_line' id='line_1_7' title="bbox 365 1110 1448 1198; baseline 0.004 -25"><span class='ocrx_word' id='word_1_50' title='bbox 365 1123 473 1174; x_wconf 88' lang='lat' dir='ltr'>autem</span> <span class='ocrx_word' id='word_1_51' title='bbox 496 1110 553 1174; x_wconf 92' lang='lat' dir='ltr'>illa</span> <span class='ocrx_word' id='word_1_52' title='bbox 575 1111 798 1174; x_wconf 87' lang='lat' dir='ltr'>columnarum</span> <span class='ocrx_word' id='word_1_53' title='bbox 822 1123 854 1174; x_wconf 89' lang='lat' dir='ltr'>et</span> <span class='ocrx_word' id='word_1_54' title='bbox 875 1113 1078 1196; x_wconf 87' lang='lat' dir='ltr'>paginarum,</span> <span class='ocrx_word' id='word_1_55' title='bbox 1105 1134 1201 1196; x_wconf 90' lang='lat' dir='ltr'>quam</span> <span class='ocrx_word' id='word_1_56' title='bbox 1223 1114 1258 1177; x_wconf 93' lang='lat' dir='ltr'>in</span> <span class='ocrx_word' id='word_1_57' title='bbox 1277 1115 1448 1198; x_wconf 88' lang='lat' dir='ltr'>archetypo</span> 
     </span>
     <span class='ocr_line' id='line_1_8' title="bbox 364 1197 1445 1282; baseline 0.002 -23"><span class='ocrx_word' id='word_1_58' title='bbox 364 1197 466 1262; x_wconf 86' lang='lat' dir='ltr'>fuisse</span> <span class='ocrx_word' id='word_1_59' title='bbox 491 1197 647 1272; x_wconf 76' lang='lat' dir='ltr'>uidimuS,</span> <span class='ocrx_word' id='word_1_60' title='bbox 678 1218 751 1260; x_wconf 87' lang='lat' dir='ltr'>curn</span> <span class='ocrx_word' id='word_1_61' title='bbox 782 1219 933 1282; x_wconf 91' lang='lat' dir='ltr'>magnam</span> <span class='ocrx_word' id='word_1_62' title='bbox 956 1208 988 1261; x_wconf 92' lang='lat' dir='ltr'>et</span> <span class='ocrx_word' id='word_1_63' title='bbox 1009 1198 1179 1275; x_wconf 88' lang='lat' dir='ltr'>inutilem,</span> <span class='ocrx_word' id='word_1_64' title='bbox 1205 1210 1241 1262; x_wconf 91' lang='lat' dir='ltr'>ut</span> <span class='ocrx_word' id='word_1_65' title='bbox 1262 1201 1445 1276; x_wconf 88' lang='lat' dir='ltr'>uidebatur,</span> 
     </span>
     <span class='ocr_line' id='line_1_9' title="bbox 364 1282 1446 1367; baseline 0.002 -21"><span class='ocrx_word' id='word_1_66' title='bbox 364 1285 570 1346; x_wconf 89' lang='lat' dir='ltr'>membranae</span> <span class='ocrx_word' id='word_1_67' title='bbox 601 1282 820 1366; x_wconf 83' lang='lat' dir='ltr'>profusionem</span> <span class='ocrx_word' id='word_1_68' title='bbox 848 1284 1040 1367; x_wconf 89' lang='lat' dir='ltr'>requireret,</span> <span class='ocrx_word' id='word_1_69' title='bbox 1076 1286 1207 1367; x_wconf 89' lang='lat' dir='ltr'>penitus</span> <span class='ocrx_word' id='word_1_70' title='bbox 1238 1286 1364 1349; x_wconf 89' lang='lat' dir='ltr'>sublata</span> <span class='ocrx_word' id='word_1_71' title='bbox 1387 1298 1446 1351; x_wconf 89' lang='lat' dir='ltr'>est.</span> 
     </span>
     <span class='ocr_line' id='line_1_10' title="bbox 365 1369 1450 1456; baseline 0.001 -23"><span class='ocrx_word' id='word_1_72' title='bbox 365 1371 408 1433; x_wconf 88' lang='lat' dir='ltr'>Et</span> <span class='ocrx_word' id='word_1_73' title='bbox 429 1369 572 1453; x_wconf 89' lang='lat' dir='ltr'>insignia</span> <span class='ocrx_word' id='word_1_74' title='bbox 595 1369 727 1450; x_wconf 91' lang='lat' dir='ltr'>quidem</span> <span class='ocrx_word' id='word_1_75' title='bbox 749 1370 784 1431; x_wconf 92' lang='lat' dir='ltr'>in</span> <span class='ocrx_word' id='word_1_76' title='bbox 808 1370 919 1434; x_wconf 91' lang='lat' dir='ltr'>codice</span> <span class='ocrx_word' id='word_1_77' title='bbox 943 1371 1087 1455; x_wconf 85' lang='lat' dir='ltr'>Spirensi</span> <span class='ocrx_word' id='word_1_78' title='bbox 1114 1371 1250 1456; x_wconf 86' lang='lat' dir='ltr'>paginas</span> <span class='ocrx_word' id='word_1_79' title='bbox 1273 1395 1376 1436; x_wconf 91' lang='lat' dir='ltr'>nouas</span> <span class='ocrx_word' id='word_1_80' title='bbox 1398 1373 1450 1434; x_wconf 93' lang='lat' dir='ltr'>in-</span> 
     </span>
     <span class='ocr_line' id='line_1_11' title="bbox 365 1455 1451 1540; baseline 0 -20"><span class='ocrx_word' id='word_1_81' title='bbox 365 1459 472 1539; x_wconf 85' lang='lat' dir='ltr'>cipere</span> <span class='ocrx_word' id='word_1_82' title='bbox 495 1455 694 1519; x_wconf 87' lang='lat' dir='ltr'>solebant-</span> <span class='ocrx_word' id='word_1_83' title='bbox 711 1457 854 1540; x_wconf 87' lang='lat' dir='ltr'>spatium</span> <span class='ocrx_word' id='word_1_84' title='bbox 870 1458 956 1521; x_wconf 91' lang='lat' dir='ltr'>enim</span> <span class='ocrx_word' id='word_1_85' title='bbox 973 1456 1036 1519; x_wconf 88' lang='lat' dir='ltr'>alia</span> <span class='ocrx_word' id='word_1_86' title='bbox 1050 1459 1174 1521; x_wconf 88' lang='lat' dir='ltr'>ratione</span> <span class='ocrx_word' id='word_1_87' title='bbox 1190 1480 1256 1520; x_wconf 92' lang='lat' dir='ltr'>non</span> <span class='ocrx_word' id='word_1_88' title='bbox 1272 1459 1451 1523; x_wconf 87' lang='lat' dir='ltr'>suffecisset</span> 
     </span>
     <span class='ocr_line' id='line_1_12' title="bbox 368 1542 1450 1627; baseline 0.004 -23"><span class='ocrx_word' id='word_1_89' title='bbox 368 1543 482 1605; x_wconf 89' lang='lat' dir='ltr'>—sed</span> <span class='ocrx_word' id='word_1_90' title='bbox 506 1551 696 1617; x_wconf 87' lang='lat' dir='ltr'>contextus,</span> <span class='ocrx_word' id='word_1_91' title='bbox 722 1542 749 1604; x_wconf 89' lang='lat' dir='ltr'>si</span> <span class='ocrx_word' id='word_1_92' title='bbox 770 1543 900 1606; x_wconf 91' lang='lat' dir='ltr'>breuior</span> <span class='ocrx_word' id='word_1_93' title='bbox 923 1552 1005 1622; x_wconf 90' lang='lat' dir='ltr'>erat,</span> <span class='ocrx_word' id='word_1_94' title='bbox 1033 1565 1098 1606; x_wconf 92' lang='lat' dir='ltr'>non</span> <span class='ocrx_word' id='word_1_95' title='bbox 1121 1566 1290 1627; x_wconf 91' lang='lat' dir='ltr'>nunquam</span> <span class='ocrx_word' id='word_1_96' title='bbox 1309 1546 1450 1608; x_wconf 91' lang='lat' dir='ltr'>subicie-</span> 
     </span>
     <span class='ocr_line' id='line_1_13' title="bbox 365 1627 1448 1714; baseline 0.001 -22"><span class='ocrx_word' id='word_1_97' title='bbox 365 1632 460 1693; x_wconf 86' lang='lat' dir='ltr'>batur</span> <span class='ocrx_word' id='word_1_98' title='bbox 481 1627 611 1692; x_wconf 88' lang='lat' dir='ltr'>tabulae</span> <span class='ocrx_word' id='word_1_99' title='bbox 634 1638 666 1690; x_wconf 90' lang='lat' dir='ltr'>et</span> <span class='ocrx_word' id='word_1_100' title='bbox 688 1628 745 1692; x_wconf 93' lang='lat' dir='ltr'>ubi</span> <span class='ocrx_word' id='word_1_101' title='bbox 769 1629 830 1690; x_wconf 90' lang='lat' dir='ltr'>hoc</span> <span class='ocrx_word' id='word_1_102' title='bbox 844 1628 965 1692; x_wconf 84' lang='lat' dir='ltr'>factum</span> <span class='ocrx_word' id='word_1_103' title='bbox 980 1651 1047 1692; x_wconf 92' lang='lat' dir='ltr'>non</span> <span class='ocrx_word' id='word_1_104' title='bbox 1063 1641 1130 1703; x_wconf 89' lang='lat' dir='ltr'>est,</span> <span class='ocrx_word' id='word_1_105' title='bbox 1156 1631 1200 1693; x_wconf 93' lang='lat' dir='ltr'>ita</span> <span class='ocrx_word' id='word_1_106' title='bbox 1217 1632 1354 1714; x_wconf 88' lang='lat' dir='ltr'>scriptus</span> <span class='ocrx_word' id='word_1_107' title='bbox 1370 1643 1448 1706; x_wconf 89' lang='lat' dir='ltr'>erat,</span> 
     </span>
     <span class='ocr_line' id='line_1_14' title="bbox 366 1715 1451 1801; baseline 0 -23"><span class='ocrx_word' id='word_1_108' title='bbox 366 1726 404 1778; x_wconf 90' lang='lat' dir='ltr'>ut</span> <span class='ocrx_word' id='word_1_109' title='bbox 433 1723 592 1778; x_wconf 81' lang='lat' dir='ltr'>commata</span> <span class='ocrx_word' id='word_1_110' title='bbox 606 1715 725 1798; x_wconf 90' lang='lat' dir='ltr'>prima:</span> <span class='ocrx_word' id='word_1_111' title='bbox 762 1715 818 1776; x_wconf 80' lang='lat' dir='ltr'>sub</span> <span class='ocrx_word' id='word_1_112' title='bbox 839 1715 1041 1797; x_wconf 79' lang='lat' dir='ltr'>dispositione</span> <span class='ocrx_word' id='word_1_113' title='bbox 1061 1723 1118 1778; x_wconf 83' lang='lat' dir='ltr'>etc.</span> <span class='ocrx_word' id='word_1_114' title='bbox 1145 1739 1202 1799; x_wconf 88' lang='lat' dir='ltr'>per</span> <span class='ocrx_word' id='word_1_115' title='bbox 1235 1727 1336 1780; x_wconf 83' lang='lat' dir='ltr'>totam</span> <span class='ocrx_word' id='word_1_116' title='bbox 1359 1719 1451 1801; x_wconf 88' lang='lat' dir='ltr'>pagi-</span> 
     </span>
     <span class='ocr_line' id='line_1_15' title="bbox 366 1801 1451 1884; baseline 0 -19"><span class='ocrx_word' id='word_1_117' title='bbox 366 1824 441 1865; x_wconf 91' lang='lat' dir='ltr'>nam</span> <span class='ocrx_word' id='word_1_118' title='bbox 465 1801 750 1876; x_wconf 79' lang='lat' dir='ltr'>continuarentur,</span> <span class='ocrx_word' id='word_1_119' title='bbox 785 1802 927 1884; x_wconf 86' lang='lat' dir='ltr'>spatium</span> <span class='ocrx_word' id='word_1_120' title='bbox 956 1812 1063 1864; x_wconf 90' lang='lat' dir='ltr'>autem</span> <span class='ocrx_word' id='word_1_121' title='bbox 1087 1802 1246 1884; x_wconf 92' lang='lat' dir='ltr'>reliquum</span> <span class='ocrx_word' id='word_1_122' title='bbox 1269 1803 1302 1864; x_wconf 93' lang='lat' dir='ltr'>in</span> <span class='ocrx_word' id='word_1_123' title='bbox 1327 1814 1375 1867; x_wconf 90' lang='lat' dir='ltr'>tot</span> <span class='ocrx_word' id='word_1_124' title='bbox 1397 1826 1451 1865; x_wconf 88' lang='lat' dir='ltr'>eo-</span> 
     </span>
     <span class='ocr_line' id='line_1_16' title="bbox 366 1886 1451 1972; baseline 0 -22"><span class='ocrx_word' id='word_1_125' title='bbox 366 1889 495 1952; x_wconf 88' lang='lat' dir='ltr'>lumnas</span> <span class='ocrx_word' id='word_1_126' title='bbox 525 1886 743 1963; x_wconf 90' lang='lat' dir='ltr'>diuideretur,</span> <span class='ocrx_word' id='word_1_127' title='bbox 776 1897 812 1949; x_wconf 91' lang='lat' dir='ltr'>ut</span> <span class='ocrx_word' id='word_1_128' title='bbox 838 1889 960 1950; x_wconf 84' lang='lat' dir='ltr'>maiora</span> <span class='ocrx_word' id='word_1_129' title='bbox 989 1888 1086 1950; x_wconf 89' lang='lat' dir='ltr'>etiam</span> <span class='ocrx_word' id='word_1_130' title='bbox 1116 1889 1222 1972; x_wconf 87' lang='lat' dir='ltr'>capita</span> <span class='ocrx_word' id='word_1_131' title='bbox 1243 1889 1364 1972; x_wconf 85' lang='lat' dir='ltr'>pagina</span> <span class='ocrx_word' id='word_1_132' title='bbox 1386 1912 1451 1951; x_wconf 86' lang='lat' dir='ltr'>una</span> 
     </span>
     <span class='ocr_line' id='line_1_17' title="bbox 366 1973 1452 2059; baseline 0 -23"><span class='ocrx_word' id='word_1_133' title='bbox 366 1975 559 2059; x_wconf 87' lang='lat' dir='ltr'>plerumque</span> <span class='ocrx_word' id='word_1_134' title='bbox 581 1983 720 2056; x_wconf 86' lang='lat' dir='ltr'>caperet.</span> <span class='ocrx_word' id='word_1_135' title='bbox 766 1975 810 2035; x_wconf 89' lang='lat' dir='ltr'>At</span> <span class='ocrx_word' id='word_1_136' title='bbox 833 1973 1016 2056; x_wconf 74' lang='lat' dir='ltr'>capitam,</span> <span class='ocrx_word' id='word_1_137' title='bbox 1048 1974 1167 2055; x_wconf 93' lang='lat' dir='ltr'>quibus</span> <span class='ocrx_word' id='word_1_138' title='bbox 1194 1973 1338 2058; x_wconf 87' lang='lat' dir='ltr'>insignia</span> <span class='ocrx_word' id='word_1_139' title='bbox 1361 1975 1452 2038; x_wconf 90' lang='lat' dir='ltr'>nulla</span> 
     </span>
     <span class='ocr_line' id='line_1_18' title="bbox 368 2059 1451 2144; baseline -0.002 -20"><span class='ocrx_word' id='word_1_140' title='bbox 368 2060 517 2144; x_wconf 86' lang='lat' dir='ltr'>opposita</span> <span class='ocrx_word' id='word_1_141' title='bbox 546 2069 656 2134; x_wconf 89' lang='lat' dir='ltr'>erant,</span> <span class='ocrx_word' id='word_1_142' title='bbox 686 2059 732 2123; x_wconf 89' lang='lat' dir='ltr'>ita</span> <span class='ocrx_word' id='word_1_143' title='bbox 753 2060 1022 2143; x_wconf 88' lang='lat' dir='ltr'>praecedentibus</span> <span class='ocrx_word' id='word_1_144' title='bbox 1052 2061 1323 2136; x_wconf 87' lang='lat' dir='ltr'>adnectebantur,</span> <span class='ocrx_word' id='word_1_145' title='bbox 1354 2071 1390 2123; x_wconf 92' lang='lat' dir='ltr'>ut</span> <span class='ocrx_word' id='word_1_146' title='bbox 1417 2062 1451 2124; x_wconf 93' lang='lat' dir='ltr'>in</span> 
     </span>
     <span class='ocr_line' id='line_1_19' title="bbox 367 2145 1452 2228; baseline -0.001 -19"><span class='ocrx_word' id='word_1_147' title='bbox 367 2147 473 2209; x_wconf 85' lang='lat' dir='ltr'>media</span> <span class='ocrx_word' id='word_1_148' title='bbox 488 2145 640 2208; x_wconf 89' lang='lat' dir='ltr'>columna</span> <span class='ocrx_word' id='word_1_149' title='bbox 654 2145 847 2228; x_wconf 87' lang='lat' dir='ltr'>incipientes</span> <span class='ocrx_word' id='word_1_150' title='bbox 862 2156 987 2228; x_wconf 86' lang='lat' dir='ltr'>partem</span> <span class='ocrx_word' id='word_1_151' title='bbox 1002 2146 1132 2208; x_wconf 89' lang='lat' dir='ltr'>illorum</span> <span class='ocrx_word' id='word_1_152' title='bbox 1156 2145 1283 2210; x_wconf 89' lang='lat' dir='ltr'>efficere</span> <span class='ocrx_word' id='word_1_153' title='bbox 1301 2147 1452 2210; x_wconf 86' lang='lat' dir='ltr'>uideren-</span> 
     </span>
     <span class='ocr_line' id='line_1_20' title="bbox 367 2231 1453 2316; baseline 0.001 -22"><span class='ocrx_word' id='word_1_154' title='bbox 367 2244 429 2294; x_wconf 90' lang='lat' dir='ltr'>tur.</span> <span class='ocrx_word' id='word_1_155' title='bbox 456 2233 548 2298; x_wconf 82' lang='lat' dir='ltr'>Quae</span> <span class='ocrx_word' id='word_1_156' title='bbox 564 2231 672 2294; x_wconf 91' lang='lat' dir='ltr'>omnia</span> <span class='ocrx_word' id='word_1_157' title='bbox 684 2253 759 2294; x_wconf 90' lang='lat' dir='ltr'>cum</span> <span class='ocrx_word' id='word_1_158' title='bbox 770 2231 806 2292; x_wconf 90' lang='lat' dir='ltr'>in</span> <span class='ocrx_word' id='word_1_159' title='bbox 818 2232 984 2295; x_wconf 86' lang='lat' dir='ltr'>codicibus</span> <span class='ocrx_word' id='word_1_160' title='bbox 996 2233 1184 2295; x_wconf 90' lang='lat' dir='ltr'>Monacensi</span> <span class='ocrx_word' id='word_1_161' title='bbox 1196 2255 1326 2316; x_wconf 90' lang='lat' dir='ltr'>quoque</span> <span class='ocrx_word' id='word_1_162' title='bbox 1343 2233 1402 2316; x_wconf 78' lang='lat' dir='ltr'>(M)</span> <span class='ocrx_word' id='word_1_163' title='bbox 1421 2243 1453 2295; x_wconf 90' lang='lat' dir='ltr'>et</span> 
     </span>
     <span class='ocr_line' id='line_1_21' title="bbox 368 2317 1453 2402; baseline -0.001 -20"><span class='ocrx_word' id='word_1_164' title='bbox 368 2317 589 2383; x_wconf 84' lang='lat' dir='ltr'>Canoniciano</span> <span class='ocrx_word' id='word_1_165' title='bbox 610 2317 658 2401; x_wconf 76' lang='lat' dir='ltr'>(O)</span> <span class='ocrx_word' id='word_1_166' title='bbox 680 2317 785 2381; x_wconf 86' lang='lat' dir='ltr'>adhuc</span> <span class='ocrx_word' id='word_1_167' title='bbox 800 2317 966 2381; x_wconf 90' lang='lat' dir='ltr'>obseruari</span> <span class='ocrx_word' id='word_1_168' title='bbox 981 2317 1108 2400; x_wconf 88' lang='lat' dir='ltr'>possint</span> <span class='ocrx_word' id='word_1_169' title='bbox 1124 2341 1229 2402; x_wconf 88' lang='lat' dir='ltr'>neque</span> <span class='ocrx_word' id='word_1_170' title='bbox 1245 2320 1286 2381; x_wconf 88' lang='lat' dir='ltr'>ad</span> <span class='ocrx_word' id='word_1_171' title='bbox 1306 2339 1375 2381; x_wconf 88' lang='lat' dir='ltr'>rem</span> <span class='ocrx_word' id='word_1_172' title='bbox 1391 2319 1453 2381; x_wconf 91' lang='lat' dir='ltr'>cri-</span> 
     </span>
     <span class='ocr_line' id='line_1_22' title="bbox 367 2403 1428 2488; baseline -0.002 -20"><span class='ocrx_word' id='word_1_173' title='bbox 367 2405 464 2468; x_wconf 90' lang='lat' dir='ltr'>ticam</span> <span class='ocrx_word' id='word_1_174' title='bbox 480 2404 591 2488; x_wconf 86' lang='lat' dir='ltr'>magni</span> <span class='ocrx_word' id='word_1_175' title='bbox 607 2403 763 2468; x_wconf 90' lang='lat' dir='ltr'>momenti</span> <span class='ocrx_word' id='word_1_176' title='bbox 779 2404 859 2476; x_wconf 86' lang='lat' dir='ltr'>sint,</span> <span class='ocrx_word' id='word_1_177' title='bbox 878 2404 970 2483; x_wconf 87' lang='lat' dir='ltr'>plura</span> <span class='ocrx_word' id='word_1_178' title='bbox 984 2403 1024 2467; x_wconf 91' lang='lat' dir='ltr'>de</span> <span class='ocrx_word' id='word_1_179' title='bbox 1039 2405 1085 2467; x_wconf 89' lang='lat' dir='ltr'>eis</span> <span class='ocrx_word' id='word_1_180' title='bbox 1101 2406 1207 2468; x_wconf 88' lang='lat' dir='ltr'>dicere</span> <span class='ocrx_word' id='word_1_181' title='bbox 1223 2405 1428 2488; x_wconf 89' lang='lat' dir='ltr'>supersedeo.</span> 
     </span>
    </p>

    <p class='ocr_par' dir='ltr' id='par_1_3' title="bbox 368 2488 1475 4298">
     <span class='ocr_line' id='line_1_23' title="bbox 454 2488 1453 2575; baseline 0.001 -23"><span class='ocrx_word' id='word_1_182' title='bbox 454 2492 505 2554; x_wconf 91' lang='lat' dir='ltr'>De</span> <span class='ocrx_word' id='word_1_183' title='bbox 532 2490 651 2553; x_wconf 90' lang='lat' dir='ltr'>libellis</span> <span class='ocrx_word' id='word_1_184' title='bbox 685 2488 834 2572; x_wconf 77' lang='lat' dir='ltr'>reliquia,</span> <span class='ocrx_word' id='word_1_185' title='bbox 870 2490 928 2573; x_wconf 93' lang='lat' dir='ltr'>qui</span> <span class='ocrx_word' id='word_1_186' title='bbox 959 2489 994 2551; x_wconf 93' lang='lat' dir='ltr'>in</span> <span class='ocrx_word' id='word_1_187' title='bbox 1025 2490 1143 2554; x_wconf 88' lang='lat' dir='ltr'>codicis</span> <span class='ocrx_word' id='word_1_188' title='bbox 1178 2491 1340 2575; x_wconf 84' lang='lat' dir='ltr'>Spirensis</span> <span class='ocrx_word' id='word_1_189' title='bbox 1374 2512 1453 2573; x_wconf 88' lang='lat' dir='ltr'>apo-</span> 
     </span>
     <span class='ocr_line' id='line_1_24' title="bbox 368 2575 1452 2662; baseline 0 -23"><span class='ocrx_word' id='word_1_190' title='bbox 368 2577 498 2662; x_wconf 88' lang='lat' dir='ltr'>graphis</span> <span class='ocrx_word' id='word_1_191' title='bbox 521 2576 746 2658; x_wconf 81' lang='lat' dir='ltr'>reperiuntur,</span> <span class='ocrx_word' id='word_1_192' title='bbox 771 2575 860 2638; x_wconf 87' lang='lat' dir='ltr'>haud</span> <span class='ocrx_word' id='word_1_193' title='bbox 881 2576 984 2639; x_wconf 86' lang='lat' dir='ltr'>multa</span> <span class='ocrx_word' id='word_1_194' title='bbox 1006 2577 1144 2639; x_wconf 89' lang='lat' dir='ltr'>dicenda</span> <span class='ocrx_word' id='word_1_195' title='bbox 1167 2588 1258 2649; x_wconf 88' lang='lat' dir='ltr'>sunt,</span> <span class='ocrx_word' id='word_1_196' title='bbox 1285 2599 1359 2640; x_wconf 91' lang='lat' dir='ltr'>cum</span> <span class='ocrx_word' id='word_1_197' title='bbox 1382 2599 1452 2641; x_wconf 89' lang='lat' dir='ltr'>orn-</span> 
     </span>
     <span class='ocr_line' id='line_1_25' title="bbox 368 2662 1475 2748; baseline 0 -22"><span class='ocrx_word' id='word_1_198' title='bbox 368 2665 423 2727; x_wconf 90' lang='lat' dir='ltr'>nia</span> <span class='ocrx_word' id='word_1_199' title='bbox 450 2663 517 2727; x_wconf 88' lang='lat' dir='ltr'>fere</span> <span class='ocrx_word' id='word_1_200' title='bbox 547 2683 628 2744; x_wconf 91' lang='lat' dir='ltr'>quae</span> <span class='ocrx_word' id='word_1_201' title='bbox 660 2671 775 2725; x_wconf 90' lang='lat' dir='ltr'>notatu</span> <span class='ocrx_word' id='word_1_202' title='bbox 805 2662 904 2745; x_wconf 82' lang='lat' dir='ltr'>digna</span> <span class='ocrx_word' id='word_1_203' title='bbox 933 2662 1103 2736; x_wconf 86' lang='lat' dir='ltr'>uidentur,</span> <span class='ocrx_word' id='word_1_204' title='bbox 1137 2686 1178 2726; x_wconf 80' lang='lat' dir='ltr'>ex</span> <span class='ocrx_word' id='word_1_205' title='bbox 1206 2675 1362 2748; x_wconf 86' lang='lat' dir='ltr'>apparatu</span> <span class='ocrx_word' id='word_1_206' title='bbox 1390 2664 1475 2726; x_wconf 90' lang='lat' dir='ltr'>cri-·</span> 
     </span>
     <span class='ocr_line' id='line_1_26' title="bbox 369 2748 1451 2831; baseline 0.001 -18"><span class='ocrx_word' id='word_1_207' title='bbox 369 2751 432 2818; x_wconf 89' lang='lat' dir='ltr'>tico</span> <span class='ocrx_word' id='word_1_208' title='bbox 455 2749 551 2812; x_wconf 86' lang='lat' dir='ltr'>facile</span> <span class='ocrx_word' id='word_1_209' title='bbox 581 2748 734 2811; x_wconf 86' lang='lat' dir='ltr'>concludi</span> <span class='ocrx_word' id='word_1_210' title='bbox 761 2748 899 2831; x_wconf 88' lang='lat' dir='ltr'>possint.</span> <span class='ocrx_word' id='word_1_211' title='bbox 953 2748 1037 2812; x_wconf 90' lang='lat' dir='ltr'>Nam</span> <span class='ocrx_word' id='word_1_212' title='bbox 1067 2760 1137 2813; x_wconf 90' lang='lat' dir='ltr'>not.</span> <span class='ocrx_word' id='word_1_213' title='bbox 1167 2749 1239 2812; x_wconf 92' lang='lat' dir='ltr'>urb.</span> <span class='ocrx_word' id='word_1_214' title='bbox 1266 2750 1451 2826; x_wconf 81' lang='lat' dir='ltr'>Constant,</span> 
     </span>
     <span class='ocr_line' id='line_1_27' title="bbox 370 2834 1454 2920; baseline 0 -21"><span class='ocrx_word' id='word_1_215' title='bbox 370 2857 466 2920; x_wconf 89' lang='lat' dir='ltr'>quam</span> <span class='ocrx_word' id='word_1_216' title='bbox 489 2844 615 2918; x_wconf 88' lang='lat' dir='ltr'>praeter</span> <span class='ocrx_word' id='word_1_217' title='bbox 636 2834 822 2917; x_wconf 91' lang='lat' dir='ltr'>Spirensem</span> <span class='ocrx_word' id='word_1_218' title='bbox 844 2834 927 2898; x_wconf 91' lang='lat' dir='ltr'>liber</span> <span class='ocrx_word' id='word_1_219' title='bbox 950 2834 1195 2917; x_wconf 88' lang='lat' dir='ltr'>antiquissimus</span> <span class='ocrx_word' id='word_1_220' title='bbox 1217 2837 1454 2899; x_wconf 89' lang='lat' dir='ltr'>Uindobonen-</span> 
     </span>
     <span class='ocr_line' id='line_1_28' title="bbox 370 2921 1453 3006; baseline -0.002 -19"><span class='ocrx_word' id='word_1_221' title='bbox 370 2925 414 2987; x_wconf 88' lang='lat' dir='ltr'>sis</span> <span class='ocrx_word' id='word_1_222' title='bbox 443 2921 594 2984; x_wconf 90' lang='lat' dir='ltr'>omnibus</span> <span class='ocrx_word' id='word_1_223' title='bbox 617 2921 694 2984; x_wconf 89' lang='lat' dir='ltr'>satis</span> <span class='ocrx_word' id='word_1_224' title='bbox 717 2931 833 2996; x_wconf 91' lang='lat' dir='ltr'>notus,</span> <span class='ocrx_word' id='word_1_225' title='bbox 865 2921 922 3004; x_wconf 91' lang='lat' dir='ltr'>qui</span> <span class='ocrx_word' id='word_1_226' title='bbox 951 2922 1182 3006; x_wconf 85' lang='lat' dir='ltr'>topographiae</span> <span class='ocrx_word' id='word_1_227' title='bbox 1210 2922 1300 2984; x_wconf 87' lang='lat' dir='ltr'>urbis</span> <span class='ocrx_word' id='word_1_228' title='bbox 1328 2923 1453 2988; x_wconf 84' lang='lat' dir='ltr'>Romae</span> 
     </span>
     <span class='ocr_line' id='line_1_29' title="bbox 368 3006 1454 3092; baseline -0.001 -21"><span class='ocrx_word' id='word_1_229' title='bbox 368 3030 498 3092; x_wconf 90' lang='lat' dir='ltr'>operam</span> <span class='ocrx_word' id='word_1_230' title='bbox 527 3009 703 3080; x_wconf 91' lang='lat' dir='ltr'>dederunt,</span> <span class='ocrx_word' id='word_1_231' title='bbox 736 3006 830 3069; x_wconf 88' lang='lat' dir='ltr'>nobis</span> <span class='ocrx_word' id='word_1_232' title='bbox 860 3007 1020 3082; x_wconf 86' lang='lat' dir='ltr'>seruauit,</span> <span class='ocrx_word' id='word_1_233' title='bbox 1052 3007 1098 3072; x_wconf 88' lang='lat' dir='ltr'>ita</span> <span class='ocrx_word' id='word_1_234' title='bbox 1125 3008 1161 3071; x_wconf 90' lang='lat' dir='ltr'>in</span> <span class='ocrx_word' id='word_1_235' title='bbox 1183 3019 1322 3091; x_wconf 89' lang='lat' dir='ltr'>utroque</span> <span class='ocrx_word' id='word_1_236' title='bbox 1344 3010 1454 3072; x_wconf 90' lang='lat' dir='ltr'>codiee</span> 
     </span>
     <span class='ocr_line' id='line_1_30' title="bbox 368 3092 1454 3179; baseline -0.003 -20"><span class='ocrx_word' id='word_1_237' title='bbox 368 3095 506 3178; x_wconf 88' lang='lat' dir='ltr'>legitur,</span> <span class='ocrx_word' id='word_1_238' title='bbox 536 3103 574 3156; x_wconf 88' lang='lat' dir='ltr'>ut</span> <span class='ocrx_word' id='word_1_239' title='bbox 597 3093 785 3175; x_wconf 88' lang='lat' dir='ltr'>Spirensem</span> <span class='ocrx_word' id='word_1_240' title='bbox 807 3092 1056 3176; x_wconf 81' lang='lat' dir='ltr'>diligentissime</span> <span class='ocrx_word' id='word_1_241' title='bbox 1085 3095 1283 3179; x_wconf 89' lang='lat' dir='ltr'>descriptum</span> <span class='ocrx_word' id='word_1_242' title='bbox 1306 3115 1375 3158; x_wconf 88' lang='lat' dir='ltr'>esse</span> <span class='ocrx_word' id='word_1_243' title='bbox 1397 3095 1454 3158; x_wconf 89' lang='lat' dir='ltr'>sed</span> 
     </span>
     <span class='ocr_line' id='line_1_31' title="bbox 368 3178 1453 3265; baseline -0.002 -22"><span class='ocrx_word' id='word_1_244' title='bbox 368 3183 423 3245; x_wconf 89' lang='lat' dir='ltr'>hic</span> <span class='ocrx_word' id='word_1_245' title='bbox 455 3180 524 3244; x_wconf 89' lang='lat' dir='ltr'>illie</span> <span class='ocrx_word' id='word_1_246' title='bbox 557 3178 789 3262; x_wconf 91' lang='lat' dir='ltr'>interpolatum</span> <span class='ocrx_word' id='word_1_247' title='bbox 830 3179 973 3256; x_wconf 89' lang='lat' dir='ltr'>iudices,</span> <span class='ocrx_word' id='word_1_248' title='bbox 1013 3180 1302 3245; x_wconf 89' lang='lat' dir='ltr'>Uindobonensem</span> <span class='ocrx_word' id='word_1_249' title='bbox 1335 3201 1453 3265; x_wconf 89' lang='lat' dir='ltr'>purum</span> 
     </span>
     <span class='ocr_line' id='line_1_32' title="bbox 369 3265 1456 3350; baseline -0.001 -20"><span class='ocrx_word' id='word_1_250' title='bbox 369 3268 501 3350; x_wconf 91' lang='lat' dir='ltr'>quidem</span> <span class='ocrx_word' id='word_1_251' title='bbox 524 3267 580 3330; x_wconf 92' lang='lat' dir='ltr'>sed</span> <span class='ocrx_word' id='word_1_252' title='bbox 602 3265 821 3350; x_wconf 84' lang='lat' dir='ltr'>negligentius</span> <span class='ocrx_word' id='word_1_253' title='bbox 845 3277 1028 3341; x_wconf 83' lang='lat' dir='ltr'>exaratum,</span> <span class='ocrx_word' id='word_1_254' title='bbox 1066 3277 1237 3349; x_wconf 88' lang='lat' dir='ltr'>utrumque</span> <span class='ocrx_word' id='word_1_255' title='bbox 1259 3275 1367 3331; x_wconf 85' lang='lat' dir='ltr'>autem</span> <span class='ocrx_word' id='word_1_256' title='bbox 1389 3277 1456 3329; x_wconf 88' lang='lat' dir='ltr'>tam</span> 
     </span>
     <span class='ocr_line' id='line_1_33' title="bbox 369 3351 1453 3438; baseline 0 -22"><span class='ocrx_word' id='word_1_257' title='bbox 369 3375 470 3438; x_wconf 91' lang='lat' dir='ltr'>prope</span> <span class='ocrx_word' id='word_1_258' title='bbox 497 3353 537 3415; x_wconf 90' lang='lat' dir='ltr'>ad</span> <span class='ocrx_word' id='word_1_259' title='bbox 565 3351 709 3416; x_wconf 88' lang='lat' dir='ltr'>codicem</span> <span class='ocrx_word' id='word_1_260' title='bbox 737 3352 947 3436; x_wconf 88' lang='lat' dir='ltr'>archetypum</span> <span class='ocrx_word' id='word_1_261' title='bbox 975 3354 1143 3429; x_wconf 88' lang='lat' dir='ltr'>accedere,</span> <span class='ocrx_word' id='word_1_262' title='bbox 1181 3364 1218 3415; x_wconf 91' lang='lat' dir='ltr'>ut</span> <span class='ocrx_word' id='word_1_263' title='bbox 1244 3353 1331 3415; x_wconf 88' lang='lat' dir='ltr'>haud</span> <span class='ocrx_word' id='word_1_264' title='bbox 1361 3351 1453 3429; x_wconf 89' lang='lat' dir='ltr'>scias,</span> 
     </span>
     <span class='ocr_line' id='line_1_34' title="bbox 372 3437 1451 3522; baseline -0.002 -20"><span class='ocrx_word' id='word_1_265' title='bbox 372 3441 425 3502; x_wconf 88' lang='lat' dir='ltr'>cui</span> <span class='ocrx_word' id='word_1_266' title='bbox 454 3438 528 3522; x_wconf 88' lang='lat' dir='ltr'>plus</span> <span class='ocrx_word' id='word_1_267' title='bbox 551 3438 685 3501; x_wconf 89' lang='lat' dir='ltr'>tribuas.</span> <span class='ocrx_word' id='word_1_268' title='bbox 733 3439 777 3502; x_wconf 89' lang='lat' dir='ltr'>At</span> <span class='ocrx_word' id='word_1_269' title='bbox 797 3437 972 3502; x_wconf 89' lang='lat' dir='ltr'>laterculus</span> <span class='ocrx_word' id='word_1_270' title='bbox 996 3440 1067 3502; x_wconf 91' lang='lat' dir='ltr'>Pol.</span> <span class='ocrx_word' id='word_1_271' title='bbox 1097 3438 1193 3502; x_wconf 90' lang='lat' dir='ltr'>Siluii</span> <span class='ocrx_word' id='word_1_272' title='bbox 1216 3449 1248 3502; x_wconf 91' lang='lat' dir='ltr'>et</span> <span class='ocrx_word' id='word_1_273' title='bbox 1270 3449 1339 3502; x_wconf 87' lang='lat' dir='ltr'>not.</span> <span class='ocrx_word' id='word_1_274' title='bbox 1363 3438 1451 3502; x_wconf 86' lang='lat' dir='ltr'>Gall.</span> 
     </span>
     <span class='ocr_line' id='line_1_35' title="bbox 371 3523 1454 3607; baseline -0.003 -18"><span class='ocrx_word' id='word_1_275' title='bbox 371 3525 536 3589; x_wconf 85' lang='lat' dir='ltr'>codicibus</span> <span class='ocrx_word' id='word_1_276' title='bbox 559 3523 852 3587; x_wconf 88' lang='lat' dir='ltr'>innumerabilibus</span> <span class='ocrx_word' id='word_1_277' title='bbox 876 3534 908 3588; x_wconf 93' lang='lat' dir='ltr'>et</span> <span class='ocrx_word' id='word_1_278' title='bbox 930 3525 1040 3602; x_wconf 87' lang='lat' dir='ltr'>multis</span> <span class='ocrx_word' id='word_1_279' title='bbox 1063 3526 1192 3607; x_wconf 89' lang='lat' dir='ltr'>quidem</span> <span class='ocrx_word' id='word_1_280' title='bbox 1226 3524 1454 3589; x_wconf 89' lang='lat' dir='ltr'>uetustissimis</span> 
     </span>
     <span class='ocr_line' id='line_1_36' title="bbox 371 3610 1454 3696; baseline -0.002 -22"><span class='ocrx_word' id='word_1_281' title='bbox 371 3611 484 3676; x_wconf 90' lang='lat' dir='ltr'>inserti</span> <span class='ocrx_word' id='word_1_282' title='bbox 506 3620 599 3688; x_wconf 90' lang='lat' dir='ltr'>sunt,</span> <span class='ocrx_word' id='word_1_283' title='bbox 625 3611 681 3673; x_wconf 91' lang='lat' dir='ltr'>sed</span> <span class='ocrx_word' id='word_1_284' title='bbox 703 3610 739 3672; x_wconf 91' lang='lat' dir='ltr'>in</span> <span class='ocrx_word' id='word_1_285' title='bbox 755 3610 864 3673; x_wconf 91' lang='lat' dir='ltr'>codice</span> <span class='ocrx_word' id='word_1_286' title='bbox 881 3611 1026 3696; x_wconf 88' lang='lat' dir='ltr'>Spirensi</span> <span class='ocrx_word' id='word_1_287' title='bbox 1044 3611 1141 3695; x_wconf 86' lang='lat' dir='ltr'>plane</span> <span class='ocrx_word' id='word_1_288' title='bbox 1158 3611 1314 3694; x_wconf 85' lang='lat' dir='ltr'>singulari</span> <span class='ocrx_word' id='word_1_289' title='bbox 1330 3612 1454 3675; x_wconf 88' lang='lat' dir='ltr'>ratione</span> 
     </span>
     <span class='ocr_line' id='line_1_37' title="bbox 370 3696 1455 3781; baseline -0.001 -20"><span class='ocrx_word' id='word_1_290' title='bbox 370 3699 553 3762; x_wconf 88' lang='lat' dir='ltr'>traduntur.</span> <span class='ocrx_word' id='word_1_291' title='bbox 607 3696 798 3760; x_wconf 89' lang='lat' dir='ltr'>Laterculus</span> <span class='ocrx_word' id='word_1_292' title='bbox 832 3697 920 3760; x_wconf 92' lang='lat' dir='ltr'>enim</span> <span class='ocrx_word' id='word_1_293' title='bbox 942 3697 1037 3760; x_wconf 85' lang='lat' dir='ltr'>ualde</span> <span class='ocrx_word' id='word_1_294' title='bbox 1065 3697 1277 3781; x_wconf 85' lang='lat' dir='ltr'>interpolatus</span> <span class='ocrx_word' id='word_1_295' title='bbox 1301 3708 1365 3774; x_wconf 87' lang='lat' dir='ltr'>est,</span> <span class='ocrx_word' id='word_1_296' title='bbox 1398 3698 1455 3761; x_wconf 89' lang='lat' dir='ltr'>sed</span> 
     </span>
     <span class='ocr_line' id='line_1_38' title="bbox 371 3783 1454 3870; baseline -0.003 -21"><span class='ocrx_word' id='word_1_297' title='bbox 371 3797 517 3870; x_wconf 88' lang='lat' dir='ltr'>ternpore</span> <span class='ocrx_word' id='word_1_298' title='bbox 539 3795 606 3847; x_wconf 88' lang='lat' dir='ltr'>tam</span> <span class='ocrx_word' id='word_1_299' title='bbox 625 3793 759 3858; x_wconf 87' lang='lat' dir='ltr'>remote,</span> <span class='ocrx_word' id='word_1_300' title='bbox 785 3794 822 3846; x_wconf 92' lang='lat' dir='ltr'>ut</span> <span class='ocrx_word' id='word_1_301' title='bbox 836 3783 1102 3866; x_wconf 89' lang='lat' dir='ltr'>interpolationes</span> <span class='ocrx_word' id='word_1_302' title='bbox 1119 3784 1249 3847; x_wconf 90' lang='lat' dir='ltr'>eaedem</span> <span class='ocrx_word' id='word_1_303' title='bbox 1271 3783 1337 3846; x_wconf 91' lang='lat' dir='ltr'>iam</span> <span class='ocrx_word' id='word_1_304' title='bbox 1352 3783 1454 3847; x_wconf 89' lang='lat' dir='ltr'>Paulo</span> 
     </span>
     <span class='ocr_line' id='line_1_39' title="bbox 372 3867 1456 3951; baseline -0.002 -17"><span class='ocrx_word' id='word_1_305' title='bbox 372 3873 519 3934; x_wconf 87' lang='lat' dir='ltr'>Diacono</span> <span class='ocrx_word' id='word_1_306' title='bbox 542 3879 638 3934; x_wconf 90' lang='lat' dir='ltr'>notae</span> <span class='ocrx_word' id='word_1_307' title='bbox 660 3867 832 3951; x_wconf 75' lang='lat' dir='ltr'>fuerint¹)‚</span> <span class='ocrx_word' id='word_1_308' title='bbox 858 3869 991 3933; x_wconf 87' lang='lat' dir='ltr'>notitiae</span> <span class='ocrx_word' id='word_1_309' title='bbox 1014 3880 1121 3932; x_wconf 88' lang='lat' dir='ltr'>autem</span> <span class='ocrx_word' id='word_1_310' title='bbox 1141 3870 1322 3933; x_wconf 88' lang='lat' dir='ltr'>Galliarum</span> <span class='ocrx_word' id='word_1_311' title='bbox 1345 3891 1456 3933; x_wconf 88' lang='lat' dir='ltr'>exem-</span> 
     </span>
     <span class='ocr_line' id='line_1_40' title="bbox 372 3955 1454 4040; baseline 0 -22"><span class='ocrx_word' id='word_1_312' title='bbox 372 3957 441 4040; x_wconf 85' lang='lat' dir='ltr'>plar</span> <span class='ocrx_word' id='word_1_313' title='bbox 464 3956 593 4019; x_wconf 92' lang='lat' dir='ltr'>nullum</span> <span class='ocrx_word' id='word_1_314' title='bbox 615 3966 680 4018; x_wconf 88' lang='lat' dir='ltr'>tarn</span> <span class='ocrx_word' id='word_1_315' title='bbox 702 3956 804 4018; x_wconf 90' lang='lat' dir='ltr'>fidum</span> <span class='ocrx_word' id='word_1_316' title='bbox 828 3955 991 4039; x_wconf 85' lang='lat' dir='ltr'>archetypi</span> <span class='ocrx_word' id='word_1_317' title='bbox 1011 3955 1188 4038; x_wconf 83' lang='lat' dir='ltr'>imaginem</span> <span class='ocrx_word' id='word_1_318' title='bbox 1211 3955 1333 4033; x_wconf 91' lang='lat' dir='ltr'>reddit,</span> <span class='ocrx_word' id='word_1_319' title='bbox 1359 3977 1454 4038; x_wconf 90' lang='lat' dir='ltr'>quarn</span> 
     </span>
     <span class='ocr_line' id='line_1_41' title="bbox 374 4041 1455 4127; baseline -0.003 -20"><span class='ocrx_word' id='word_1_320' title='bbox 374 4043 536 4127; x_wconf 87' lang='lat' dir='ltr'>Spirensis</span> <span class='ocrx_word' id='word_1_321' title='bbox 559 4042 641 4106; x_wconf 88' lang='lat' dir='ltr'>liber</span> <span class='ocrx_word' id='word_1_322' title='bbox 662 4041 817 4104; x_wconf 84' lang='lat' dir='ltr'>litteraC</span> <span class='ocrx_word' id='word_1_323' title='bbox 846 4042 881 4104; x_wconf 93' lang='lat' dir='ltr'>in</span> <span class='ocrx_word' id='word_1_324' title='bbox 911 4041 1053 4105; x_wconf 87' lang='lat' dir='ltr'>editione</span> <span class='ocrx_word' id='word_1_325' title='bbox 1082 4052 1191 4105; x_wconf 89' lang='lat' dir='ltr'>nostra</span> <span class='ocrx_word' id='word_1_326' title='bbox 1217 4051 1357 4105; x_wconf 91' lang='lat' dir='ltr'>notatus.</span> <span class='ocrx_word' id='word_1_327' title='bbox 1404 4042 1455 4104; x_wconf 92' lang='lat' dir='ltr'>De</span> 
     </span>
     <span class='ocr_line' id='line_1_42' title="bbox 373 4127 1455 4210; baseline -0.002 -19"><span class='ocrx_word' id='word_1_328' title='bbox 373 4139 542 4193; x_wconf 88' lang='lat' dir='ltr'>stemmate</span> <span class='ocrx_word' id='word_1_329' title='bbox 570 4128 736 4203; x_wconf 91' lang='lat' dir='ltr'>codicum,</span> <span class='ocrx_word' id='word_1_330' title='bbox 773 4128 860 4210; x_wconf 91' lang='lat' dir='ltr'>quod</span> <span class='ocrx_word' id='word_1_331' title='bbox 885 4127 1027 4197; x_wconf 72' lang='lat' dir='ltr'>‚editioni</span> <span class='ocrx_word' id='word_1_332' title='bbox 1057 4129 1319 4210; x_wconf 87' lang='lat' dir='ltr'>praeposuimus,</span> <span class='ocrx_word' id='word_1_333' title='bbox 1349 4128 1455 4192; x_wconf 86' lang='lat' dir='ltr'>fusius</span> 
     </span>
     <span class='ocr_line' id='line_1_43' title="bbox 373 4214 1455 4298; baseline -0.002 -20"><span class='ocrx_word' id='word_1_334' title='bbox 373 4216 606 4298; x_wconf 83' lang='lat' dir='ltr'>disputandum</span> <span class='ocrx_word' id='word_1_335' title='bbox 636 4236 704 4276; x_wconf 87' lang='lat' dir='ltr'>esse</span> <span class='ocrx_word' id='word_1_336' title='bbox 733 4235 799 4276; x_wconf 92' lang='lat' dir='ltr'>non</span> <span class='ocrx_word' id='word_1_337' title='bbox 823 4214 920 4289; x_wconf 83' lang='lat' dir='ltr'>duxi3</span> <span class='ocrx_word' id='word_1_338' title='bbox 951 4235 1059 4296; x_wconf 92' lang='lat' dir='ltr'>neque</span> <span class='ocrx_word' id='word_1_339' title='bbox 1089 4214 1177 4277; x_wconf 91' lang='lat' dir='ltr'>enim</span> <span class='ocrx_word' id='word_1_340' title='bbox 1205 4235 1255 4277; x_wconf 90' lang='lat' dir='ltr'>res</span> <span class='ocrx_word' id='word_1_341' title='bbox 1279 4224 1326 4277; x_wconf 87' lang='lat' dir='ltr'>tot</span> <span class='ocrx_word' id='word_1_342' title='bbox 1347 4215 1455 4277; x_wconf 88' lang='lat' dir='ltr'>uerbis</span> 
     </span>
    </p>
   </div>
   <div class='ocr_carea' id='block_1_3' title="bbox 375 4331 1457 4472">
    <p class='ocr_par' dir='ltr' id='par_1_4' title="bbox 375 4331 1457 4472">
     <span class='ocr_line' id='line_1_44' title="bbox 446 4331 1457 4403; baseline 0.001 -17"><span class='ocrx_word' id='word_1_343' title='bbox 446 4337 466 4398; x_wconf 87' lang='lat'>1)</span> <span class='ocrx_word' id='word_1_344' title='bbox 495 4353 522 4387; x_wconf 92' lang='lat' dir='ltr'>u.</span> <span class='ocrx_word' id='word_1_345' title='bbox 543 4333 711 4398; x_wconf 84' lang='lat' dir='ltr'>Mommsen,</span> <span class='ocrx_word' id='word_1_346' title='bbox 736 4331 896 4386; x_wconf 84' lang='lat' dir='ltr'>Laterculus</span> <span class='ocrx_word' id='word_1_347' title='bbox 914 4331 1029 4386; x_wconf 87' lang='lat' dir='ltr'>Polemii</span> <span class='ocrx_word' id='word_1_348' title='bbox 1049 4332 1143 4398; x_wconf 87' lang='lat' dir='ltr'>Siluii,</span> <span class='ocrx_word' id='word_1_349' title='bbox 1168 4332 1391 4403; x_wconf 84' lang='lat' dir='ltr'>Abhandlungen</span> <span class='ocrx_word' id='word_1_350' title='bbox 1409 4334 1457 4387; x_wconf 85' lang='lat' dir='ltr'>der</span> 
     </span>
     <span class='ocr_line' id='line_1_45' title="bbox 375 4401 1373 4472; baseline -0.002 -14"><span class='ocrx_word' id='word_1_351' title='bbox 375 4403 463 4459; x_wconf 73' lang='lat' dir='ltr'>sticho.</span> <span class='ocrx_word' id='word_1_352' title='bbox 483 4401 630 4460; x_wconf 81' lang='lat' dir='ltr'>Gerellseh.</span> <span class='ocrx_word' id='word_1_353' title='bbox 652 4403 700 4457; x_wconf 87' lang='lat' dir='ltr'>der</span> <span class='ocrx_word' id='word_1_354' title='bbox 718 4401 884 4457; x_wconf 87' lang='lat' dir='ltr'>Wissensch.</span> <span class='ocrx_word' id='word_1_355' title='bbox 906 4401 1059 4456; x_wconf 81' lang='lat' dir='ltr'>Phil-hist.</span> <span class='ocrx_word' id='word_1_356' title='bbox 1081 4402 1122 4456; x_wconf 79' lang='lat'>01.</span> <span class='ocrx_word' id='word_1_357' title='bbox 1145 4405 1208 4455; x_wconf 81' lang='lat'>1857</span> <span class='ocrx_word' id='word_1_358' title='bbox 1228 4420 1255 4472; x_wconf 90' lang='lat' dir='ltr'>p.</span> <span class='ocrx_word' id='word_1_359' title='bbox 1275 4405 1322 4454; x_wconf 84' lang='lat'>231</span> <span class='ocrx_word' id='word_1_360' title='bbox 1345 4402 1373 4456; x_wconf 82' lang='lat' dir='ltr'>ff.</span> 
     </span>
    </p>
   </div>
   <div class='ocr_carea' id='block_1_4' title="bbox 0 0 1650 5200">
    <p class='ocr_par' dir='ltr' id='par_1_5' title="bbox 0 0 1650 5200">
     <span class='ocr_line' id='line_1_46' title="bbox 0 0 1650 5200; baseline 0 0"><span class='ocrx_word' id='word_1_361' title='bbox 0 0 1650 5200; x_wconf 95' lang='lat' dir='ltr'> </span> 
     </span>
    </p>
   </div>
  </div>
 </body>
</html>
