3252 5192
352 451 392 512 88
655 470 715 512 on.
735 469 854 530 ιιιιιιιιι.
888 471 957 512 nux
973 469 1145 513 scurnmn.

354 647 393 702 34
553 639 739 703 Praefectus
767 639 856 724 ripae
878 639 1016 722 legionis
1038 640 1161 724 primae
1184 640 1295 704 Iouiae
1318 637 1438 704 coher-

601 743 644 805 tis
668 742 801 824 quintae
824 743 998 827 pedaturae
1020 743 1198 820 inferioris,
1222 744 1356 808 Accisso
1366 747 1403 823 ⁸).

355 853 393 909 35
550 844 738 910 Praefectus
765 845 854 930 ripae
876 846 1015 929 legionis
1043 846 1165 930 primae
1189 847 1301 910 Ioniae
1324 847 1437 910 cohor-

601 948 643 1011 tis
669 962 734 1010 ..’.
756 997 762 1010 .
784 998 791 1010 .
825 958 857 1012 et
885 949 1045 1012 secundae
1067 949 1243 1014 Herculiae
1267 949 1436 1014 musculo-

600 1073 670 1114 rum
692 1051 916 1135 Scythicorum
931 1061 964 1115 et
985 1052 1096 1116 classis
1105 1054 1143 1137 ⁹),
1168 1052 1433 1137 Inplateypegiia

353 1163 393 1218 36
419 1155 620 1220 Officium
642 1164 774 1218 autem
797 1154 920 1219 habet
938 1156 1014 1218 ita:

354 1265 391 1321 37
548 1257 735 1342 Principem
757 1258 796 1321 de
812 1259 925 1322 eodem
947 1259 1072 1337 officio,
1096 1260 1153 1342 qui
1175 1258 1334 1343 completa
1349 1259 1436 1322 mili-

643 1362 687 1425 tia
710 1363 822 1426 adorat
842 1372 1014 1448 protector.

354 1473 391 1528 38
548 1465 759 1529 Numerarios
783 1475 815 1528 et
837 1466 999 1531 adiutores
1020 1487 1141 1529 eorum.

354 1575 391 1630 39
549 1567 891 1632 commentariensem.
1088 1579 1089 1582 ’

354 1679 392 1733 40
549 1671 751 1734 Adiutorem.
825 1751 829 1760 1

353 1781 390 1835 41
547 1774 578 1837 Α
600 1773 718 1837 libellis
742 1775 811 1837 siue
833 1773 1157 1838 subscribendarium.

354 1884 392 1938 42
548 1877 745 1961 Exceptores
767 1887 800 1940 et
822 1887 942 1942 ceteros
965 1877 1129 1942 officiales.

353 1987 392 2042 43
416 1981 509 2044 Dux
531 1980 730 2066 Scythiae
751 1982 792 2045 V.
834 2061 837 2067 Ι

422 2204 445 2267 8)
467 2202 548 2256 scrib.
562 2201 688 2271 Aegisso.
726 2205 750 2267 9)
766 2209 794 2258 et
810 2201 905 2258 classis
921 2205 1105 2258 musculorum
1117 2197 1305 2286 Scythicorum
1318 2205 1435 2258 Momm·
1466 2199 1478 2256 .'

352 2306 406 2342 8871.

363 2429 365 2434 ¹
422 2461 455 2511 34
473 2459 548 2513 ioute
566 2458 664 2513 cohors
684 2460 730 2528 ΡΙΙ
742 2462 774 2512 35
794 2461 999 2532 niplateypegiis
1017 2462 1253 2534 Gipplateipegiis
1269 2463 1313 2528 ΡΙΙ
1327 2465 1357 2514 37
1372 2479 1436 2532 pro·

352 2551 483 2600 tectorem
509 2545 627 2600 CPVM.
