3262 5200
358 491 425 532 XXX
802 489 1003 534 PRAEFATIO.

358 659 446 741 ipse,
475 657 610 722 notitiae
633 657 816 722 Galliarum
838 659 1027 722 Parisinnm'
1052 659 1167 722 dmea
1194 680 1292 722 causa
1319 658 1446 721 euoluit

358 744 562 820 Hirschfeld,
587 744 743 807 librorum
766 744 1013 808 Coloniensium
1036 746 1221 829 apographa
1238 769 1272 808 u.
1291 746 1322 807 d.
1350 747 1445 808 Wat-

357 830 515 906 tenbach,
547 840 720 913 antequam
742 832 1023 913 imprimerentur,
1056 832 1137 895 mihi
1165 833 1287 895 utenda
1310 852 1444 894 conces-

358 917 419 993 sit3
450 927 614 1002 praeterea
636 939 692 979 uu.
718 918 773 979 dd.
800 917 941 980 Schmitz
964 916 1168 981 Coloniensis
1202 927 1234 981 et
1256 917 1445 980 Gardthau-

359 1025 416 1066 sen
432 1002 613 1086 Lipsiensis
635 1002 823 1066 collationes
841 1004 990 1066 codicum
1005 1003 1237 1067 nonnullorum
1259 1026 1327 1066 ase
1342 1003 1444 1066 factas

358 1089 591 1171 benignissime
617 1110 745 1151 mecum
767 1090 1105 1165 communicauerunt,
1138 1112 1218 1171 quas
1245 1100 1372 1165 tamen,
1402 1111 1445 1151 ne

359 1175 460 1238 moles
484 1185 657 1258 apparatus
680 1174 782 1238 critici
809 1177 845 1237 in
867 1174 1064 1238 immensum
1087 1186 1259 1250 cresceret,
1290 1175 1445 1238 adhibere

359 1261 461 1324 nolui.
515 1261 714 1325 Adiumenta
743 1261 868 1343 reliqua
898 1262 1049 1324 editionis
1078 1262 1170 1325 libris
1198 1263 1362 1344 impressis
1385 1263 1444 1325 de-

358 1349 437 1423 beo,
469 1347 524 1430 qui
552 1369 628 1409 oum
655 1348 690 1408 in
713 1349 860 1411 omnium
889 1348 1039 1412 manibus
1068 1359 1255 1424 uersentur,
1288 1348 1381 1431 plura
1403 1348 1444 1410 de

361 1433 406 1498 eis
429 1434 534 1497 dicere
557 1434 762 1516 supersedeo.

446 1520 552 1602 Opere
575 1530 649 1603 post
671 1519 769 1583 trium
791 1541 950 1583 annorum
966 1543 1058 1582 curas
1074 1520 1221 1584 absoluto
1237 1541 1333 1584 nemo
1350 1520 1448 1582 credo'

359 1629 411 1669 me
433 1606 504 1690 ipso
527 1605 643 1669 melius
665 1605 857 1691 perspiciet,
883 1628 980 1689 quam
995 1606 1099 1669 multa
1121 1606 1190 1670 aliis
1207 1606 1389 1691 supplenda
1411 1617 1445 1669 et

360 1693 550 1776 corrigenda
571 1691 755 1773 reliquerim
763 1719 772 1769 ;
796 1692 831 1753 id
854 1704 963 1755 autem
985 1714 1037 1755 me
1061 1693 1204 1756 effecisse
1227 1715 1314 1770 reor,
1349 1693 1443 1755 utin

359 1778 452 1842 libris
487 1779 656 1854 omnibus,
692 1800 771 1860 quos
805 1779 868 1841 hoc
901 1778 1069 1841 uolumine
1104 1779 1281 1855 coniunxi,
1317 1778 1382 1841 iam
1403 1780 1445 1840 de

358 1864 572 1940 lectionibus,
610 1886 694 1946 quae
723 1886 781 1948 pro
809 1863 935 1929 traditis
967 1865 1174 1948 accipiendae
1207 1866 1291 1940 sint,
1322 1864 1445 1947 ubique

360 1960 496 2013 constet.
543 1951 587 2012 Et
608 1951 707 2027 haec,
736 1973 833 2033 quam
856 1951 911 2013 uel
940 1951 1115 2014 maximam
1138 1951 1235 2014 huius
1256 1950 1332 2014 libri
1354 1950 1446 2013 utili-

359 2047 460 2101 tatem
482 2036 647 2113 duxerim,
677 2059 745 2100 non
768 2048 834 2100 tam
856 2037 937 2100 mihi
959 2036 1022 2119 ipsi
1045 2038 1183 2100 debetur
1203 2059 1300 2120 quarn
1324 2036 1446 2099 amico—

359 2145 432 2186 rum
454 2132 486 2186 et
507 2123 670 2186 fautorum
692 2123 790 2185 huius
813 2123 918 2207 operis
940 2123 1185 2205 benignissimis
1202 2123 1326 2187 studiis.
1359 2123 1445 2189 Qui-

359 2210 420 2272 bus
443 2208 593 2272 omnibus
615 2209 764 2292 inprimis
788 2209 1019 2284 Mommsenio,
1056 2209 1095 2272 de
1119 2209 1234 2283 Borio,
1260 2207 1445 2272 Hirschfel-

360 2295 414 2357 dio
437 2295 555 2376 gratias
578 2297 735 2358 maximas
758 2317 819 2378 ago
842 2307 875 2359 et
897 2317 1009 2358 omnes
1031 2305 1159 2359 acturos
1181 2317 1251 2359 esse
1265 2305 1363 2379 puto,
1386 2295 1444 2377 qui

361 2379 533 2464 aliquando
556 2381 618 2444 hoc
641 2381 722 2445 libro
745 2382 835 2444 usuri
858 2391 944 2444 sunt.

446 2517 598 2594 Parisiis,
623 2538 735 2581 mense
755 2518 905 2603 Augusto
926 2519 1235 2582 MDCCCLXXVI.
