3286 5186
469 483 518 526 oc.
537 483 614 525 xm.
643 482 786 526 Panasns
802 482 1007 526 nannenten.
1218 456 1279 525 225

450 652 633 736 Principem
657 675 697 715 ex
720 653 832 715 eodem
853 652 984 760 officio.

448 756 715 818 Comioularium.
1284 773 1434 825 samana*

448 858 637 921 Tabularios
660 858 752 920 duos

449 961 789 1024 commentariensem.

447 1064 647 1127 Adiutorem.

448 1168 500 1229 Ab
523 1168 612 1230 actis.
659 1225 666 1240 ,

450 1271 683 1334 Subadiuuam.

436 1374 651 1459 ¹Enoeptores·
674 1385 707 1436 et
735 1372 875 1457 reliquos
898 1373 1132 1452 cohortalinos,
1164 1376 1281 1459 quibus

391 1473 392 1476 '
513 1479 578 1540 non
601 1477 678 1540 licet
699 1478 739 1540 ad
762 1478 857 1540 aliam
880 1477 1015 1541 transire
1040 1478 1190 1543 militiam
1213 1479 1282 1542 sine

512 1579 721 1644 annotatione
745 1580 935 1644 clementiae
957 1579 1157 1665 principalis.

206 1691 239 1745 15
264 1683 395 1774 Ceteri
428 1683 640 1768 praesides
681 1682 726 1745 ad
761 1682 1083 1747 similitudinem
1116 1684 1281 1768 praesi-
1375 1723 1378 1732 ·

302 1787 392 1850 .dis
415 1787 645 1851 Dalmatiae
669 1786 859 1850 officium
881 1787 1043 1851 habent
1122 1837 1145 1862 ‚.
1207 1788 1209 1792 ’

271 2013 286 2062 9
303 2007 464 2064 tabellarios
488 2011 537 2076 Vl!
561 2012 591 2062 13
610 2009 782 2063 subadiuuan
805 2011 855 2076 Vll
876 2013 906 2062 14
929 2009 1125 2092 cohortallinos
1153 2009 1291 2079 oPVMtt

200 2095 341 2150 clementie
359 2095 501 2166 superioris
519 2095 675 2165 principalis
701 2095 744 2161 Vll
759 2098 789 2148 15
808 2097 891 2150 habet
913 2099 979 2151 Vm
1234 2125 1240 2138 ·

270 2183 357 2236 Addit
379 2184 418 2237 V:
437 2182 519 2236 Anno
537 2183 587 2235 dn'i
606 2185 680 2236 1484.
718 2183 865 2237 Adduo:
890 2181 1084 2268 Exemplatoe
1107 2180 1156 2234 heo
1174 2197 1281 2246 cosmo·
1324 2233 1327 2240 ,

198 2267 315 2338 graphia
333 2285 385 2337 que
404 2267 477 2322 Scoti
502 2267 603 2321 dicitur
621 2286 681 2322 cum
699 2268 810 2339 picturis
829 2287 862 2322 ex
880 2255 1070 2324 uetustissimo
1092 2266 1184 2322 oodioe
1202 2284 1282 2336 quem
1304 2269 1306 2274 '
1359 2337 1361 2344 y

199 2355 284 2408 habui
309 2373 342 2408 ex
361 2354 482 2424 Spirensi
504 2340 681 2408 bibliotheca
719 2355 799 2409 Anno
818 2353 866 2408 dm
886 2355 935 2408 --M
940 2353 1041 2408 CCCC
1042 2353 1172 2408 XXXVI·
1192 2369 1283 2427 mense

197 2441 335 2494 Ianuario
374 2441 447 2493 Dum
467 2459 517 2509 ego
529 2441 632 2494 'Petrus
649 2440 776 2506 donatus,
801 2440 854 2494 dei
862 2439 996 2510 pacientia
1013 2438 1159 2510 episeopus
1169 2437 1281 2510 padifa-
1371 2429 1386 2462 ¹·

198 2544 267 2592 nus,
297 2526 356 2592 uice
375 2523 542 2582 sanctissimi
569 2527 617 2580 dni
640 2526 757 2596 Eugenii
783 2544 883 2597 pape
879 2525 955 2579 IIII·
984 2525 1112 2580 Generali
1137 2523 1282 2616 Basiliensi

198 2612 324 2666 Coneiho
343 2612 523 2683 presiderem

245 4495 343 4540 nomn
358 4507 506 4541 mom‘ffl'vn.
