3286 5186
103 1193 183 1252 ,1v
327 1170 466 1269 uuas
491 1099 1138 1268 cousrnanmmnnm

468 1391 470 1394 .
542 1324 693 1420 noua
724 1325 889 1423 aona.
1187 1339 1189 1343 ·

605 1592 862 1665 Praefatio.

282 1783 384 1865 Saepe
406 1781 522 1844 litteris
546 1779 665 1854 dediti,
697 1801 777 1861 quos
805 1802 862 1863 pro
891 1782 1016 1863 ingenii
1045 1783 1196 1848 facultate
1228 1786 1274 1847 la-

138 1881 335 1950 '5tentium
363 1906 469 1947 rerum
503 1881 579 1946 eura
609 1882 774 1958 sollicitat,
811 1905 900 1946 nuno
927 1887 1096 1966 peregrina
1129 1889 1275 1968 gentium

194 2010 282 2050 nunc
306 1998 425 2051 secreta
448 1998 603 2049 terrarum
626 1983 783 2048 curiosius
799 1985 906 2048 animo
924 1999 1115 2071 peragrante
1130 1990 1276 2052 metiun-

194 2101 263 2166 tur,
288 2113 329 2152 ne
353 2089 431 2171 quid
454 2090 494 2150 ad
509 2087 675 2150 familiaris
693 2087 845 2150 scientiae
861 2089 1089 2153 detrimentum
1110 2091 1275 2173 relinqua-

194 2204 245 2257 tur
275 2193 440 2275 ignotum‚
470 2191 606 2254 inertiae
637 2212 706 2253 esse
728 2191 899 2268 ducentes,
932 2193 959 2254 si
987 2194 1085 2256 lateat
1114 2194 1272 2266 homines,

195 2297 280 2379 quod
302 2297 337 2358 in
361 2297 435 2358 orbe
459 2293 607 2358 consistit
628 2293 782 2356 humano.
830 2292 899 2356 Illis
928 2295 1027 2378 igitur
1050 2308 1175 2360 terrena
1196 2319 1276 2381 pas-

145 2399 303 2474 lusibus,
328 2397 408 2460 freta
431 2398 561 2475 stadiis,
587 2396 736 2462 caelestia
759 2395 943 2460 coniectura
965 2400 1181 2483 captantibus,
1199 2401 1276 2462 bru-

195 2513 263 2564 tum
287 2512 320 2564 et
341 2502 485 2564 desidem
515 2500 675 2574 indicaui,
706 2520 780 2561 cum
802 2500 901 2562 totius
930 2501 1014 2563 absit
1042 2503 1156 2565 mundi
1187 2526 1274 2578 cura,

195 2606 283 2666 urbis
312 2605 407 2668 etiam
432 2600 830 2687 Constantinopolitanae,
854 2603 889 2664 in
918 2626 982 2687 qua
1005 2605 1140 2667 uiuendi
1170 2608 1276 2688 palae-

195 2722 259 2770 stra
288 2721 352 2788 est,
385 2707 484 2771 latere
514 2707 679 2782 notitiam3
713 2721 809 2788 quam
832 2729 928 2790 supra
952 2689 1125 2770 conditoris
1148 2709 1276 2771 laudem

195 2811 443 2875 THEODOSII
465 2811 580 2874 inuicti
603 2810 821 2894 principis-
842 2810 877 2869 in
900 2831 1019 2872 nouam
1042 2810 1156 2873 faciem
1180 2823 1275 2875 uetu-

147 2930 183 2982 15
199 2924 279 2976 state
304 2915 429 2977 detersa
443 2951 486 2960 -
500 2915 545 2978 ita
567 2915 670 2976 uirtus
693 2923 724 2974 et
746 2934 823 2975 cura
845 2912 1027 2987 decorauit,
1053 2924 1089 2976 ut
1112 2914 1180 2977 eius
1203 2937 1275 2998 per-

195 3016 346 3092 fectioni,
377 3017 524 3099 quamuis
548 3017 590 3079 sit
612 3015 772 3099 quispiam
795 3012 953 3098 diligens,
986 3015 1067 3078 nihil
1095 3017 1197 3099 possit
1219 3018 1276 3079 ad-

194 3121 340 3202 iungere.
367 3119 535 3182 Uniuersis
557 3119 655 3202 igitur
671 3118 739 3180 eius
760 3116 906 3199 partibus
922 3118 1093 3202 diligenter
1107 3119 1273 3201 inspectis,
1296 3141 1303 3154 ·

195 3243 364 3306 corporum
387 3243 515 3303 quoque
538 3220 640 3283 eidem
663 3219 911 3300 inseruientium
938 3222 1097 3284 recensito
1127 3243 1273 3298 numero,

195 3326 292 3387 fidem
315 3346 421 3386 rerum
451 3325 596 3386 omnium
624 3323 738 3385 notitia
762 3323 1041 3387 circumscribente
1065 3324 1209 3406 signaui,
1240 3335 1276 3386 ut

140 3441 182 3496 20
197 3427 383 3490 admirantis
412 3427 550 3489 intentio
580 3425 716 3508 singulis
746 3426 857 3488 edocta
885 3427 1122 3503 monumentis,
1160 3427 1275 3511 ampli-

194 3531 309 3593 tudine
343 3551 471 3612 quoque
504 3538 612 3591 tantae
645 3528 808 3592 felicitatis
841 3529 977 3594 attonita
1007 3529 1172 3606 fateatur,
1199 3531 1276 3594 huic

195 3633 268 3695 urbi
290 3655 350 3696 nec
372 3633 503 3696 laudem
526 3631 674 3694 sufficere
696 3653 756 3694 nec
778 3653 927 3695 amorem.

263 3822 277 3875 I
292 3824 303 3872 l
321 3821 525 3892 Inscrepiicnem
537 3819 641 3892 esfipiei
651 3819 724 3872 urbis
737 3819 811 3872 mari
819 3819 1000 3873 circumdatae
1010 3823 1194 3892 praepositam
1207 3822 1276 3874 seins

193 3909 315 3961 seruauit
336 3909 420 3960 Onon.
447 3908 548 3961 Canon.
570 3907 618 3958 tat.
638 3906 712 3958 misc.
734 3913 799 3969 378,
819 3908 1027 3960 uetustissimum
1045 3908 1141 3960 codicis
1162 3907 1275 3978 Spiren-

194 3994 233 4048 sis
251 3995 450 4065 apopraplnnn:
470 4011 519 4045 oon.
546 3993 604 4046 Va
622 3992 709 4063 spatio
726 4010 811 4046 naono
823 3994 915 4046 relicto
935 3995 964 4046 Sl
980 3994 1012 4046 S2
1024 3997 1034 4060 ΙΙ
1053 3997 1066 4045 3
1076 3993 1276 4064 praefationem

194 4099 254 4134 cum
272 4080 349 4132 initio
362 4079 549 4150 descriptionis
558 4079 665 4150 prieneo
682 4079 797 4150 capionis
810 4097 860 4132 oon.
876 4081 919 4145 Sl
932 4081 946 4130 4
961 4097 1023 4150 sepe
1046 4081 1090 4144 Vll
1104 4083 1220 4132 5curam
1236 4079 1276 4146 Vll

194 4171 210 4220 6
229 4166 294 4236 sune
316 4167 360 4231 Vll
373 4171 529 4235 meqsuntur
567 4166 594 4219 V
607 4166 638 4217 de
656 4165 708 4217 liti.
728 4182 745 4233 q
764 4163 886 4218 dubitari
897 4170 1000 4236 potest:
1020 4184 1088 4218 corr.
1110 4166 1255 4218 Mommsen
1267 4165 1277 4233 ll

195 4257 210 4306 8
224 4251 350 4305 intertiae
369 4253 395 4304 V
404 4256 414 4319 {l
429 4255 455 4302 ll
473 4253 549 4304 deses
563 4270 623 4322 eqo,-
642 4250 755 4304 brutum
768 4269 811 4304 me
823 4259 850 4304 et
862 4251 983 4304 desidem
997 4252 1144 4304 Mommsen
1156 4252 1167 4315 ΙΙ
1181 4249 1211 4301 1'2
1226 4267 1275 4318 pa-

193 4339 279 4392 lestra
293 4338 337 4404 Vll
352 4341 381 4390 13
395 4338 575 4408 expectaueris
592 4337 648 4408 pati
665 4337 748 4390 latere
761 4337 909 4391 Mommsen
922 4341 932 4403 {l
947 4339 977 4388 18
991 4336 1160 4408 quoquedem
1177 4337 1219 4402 Vll
1231 4353 1275 4389 re-

193 4432 305 4480 censeto
320 4425 349 4477 V.
375 4453 377 4457 ·
