3274 5198
363 496 425 556 262
738 512 874 555 sonim
895 511 1100 554 aasumensi.

498 685 602 745 Notos
622 682 779 758 codicum,
811 682 850 743 de
870 703 1002 764 quorum
1030 679 1162 742 lectione
1182 677 1344 754 dubitaui,
1374 676 1464 738 umes

365 785 514 849 rotundis
536 784 661 848 inclusi.
1435 851 1440 858 ‚

498 886 763 970 interpolationes
777 886 1011 970 antiquissimas
1026 884 1142 948 litarat
1157 883 1319 948 inclinatos
1337 884 1371 945 in
1387 906 1463 946 cors-

365 999 482 1055 textum
503 990 619 1073 recepi.

710 1079 885 1141 stemma
908 1075 1106 1139 codicum.-

370 2426 382 2486 l
429 2427 477 2487 IN
501 2425 759 2490 PROUINCIIS
784 2397 1056 2492 GALLICANIS
1072 2427 1195 2495 QUAE
1219 2425 1460 2490 CIUITATES

850 2531 968 2594 SINT:

369 2673 387 2728 2
442 2668 489 2728 In
525 2666 745 2748 prouincia
781 2668 1056 2750 Lugdunensi
1093 2667 1227 2768 prima
1262 2667 1459 2730 ciuitates

523 2791 625 2832 num.
651 2769 757 2832 IIII:

439 2958 486 3011 11
515 2956 616 3012 notisia
637 2957 667 3012 in
690 2957 833 3030 prouincia
856 2957 1000 3027 galliarum
1022 2956 1068 3012 uel
1091 2956 1235 3027 gallicanis
1257 2957 1349 3012 decem
1372 2955 1459 3012 titulis

367 3043 471 3114 nlllllll
489 3043 607 3114 qualiter
624 3049 758 3098 statutum
785 3052 834 3098 aut
850 3054 968 3114 quantae
986 3043 1145 3114 prouinciae
1163 3043 1208 3097 uel
1226 3044 1262 3098 ad
1279 3042 1458 3116 metropolym
1474 3109 1480 3122 1

369 3129 508 3184 ciuitatem
536 3128 612 3182 urbis
636 3147 684 3201 per
708 3128 858 3200 capitulum
882 3131 1007 3201 superius
1025 3138 1182 3201 nuncupate
1200 3129 1299 3183 redire.
1327 3138 1375 3183 aut
1392 3147 1457 3182 oon-

369 3215 521 3270 stitutionis
539 3214 683 3285 designate
707 3215 825 3270 debeant
848 3217 1022 3287 respondere.
1050 3224 1098 3271 aut
1122 3217 1162 3270 rei
1186 3215 1313 3286 publicae
1337 3225 1369 3269 ut
1392 3216 1458 3269 ordo

369 3301 491 3373 exposcit
519 3301 680 3373 pontificum
704 3310 902 3357 conseruentur
926 3311 974 3356 aut
997 3302 1171 3372 requirantur
1194 3301 1307 3354 arbitrio
1332 3309 1363 3354 ut
1387 3299 1458 3355 anti-

369 3387 456 3457 quitss
476 3387 551 3443 nulla
568 3387 656 3458 possit
674 3387 790 3443 conuelli
809 3388 978 3442 condicione.
998 3388 1027 3441 in
1044 3385 1193 3459 prouinciis
1205 3386 1347 3457 gallicanis
1366 3388 1456 3440 decem

369 3473 391 3544 q’
412 3472 575 3528 ciuitatisint
593 3473 614 3527 0
634 3476 661 3527 Α
679 3475 884 3546 inestimabilem
901 3493 951 3528 om.
971 3476 1007 3528 B.
1028 3473 1057 3526 in
1076 3473 1120 3526 dei
1139 3473 1249 3528 nomine
1271 3473 1389 3539 [nomine
1408 3473 1457 3527 do·

368 3558 435 3612 mini
459 3559 503 3624 01)
528 3558 664 3629 incipiunt
681 3561 902 3615 annuntiationes
919 3559 1169 3620 (annuuntiaoiones
1187 3560 1233 3624 01)
1254 3559 1457 3630 prouinciarum

369 3643 477 3700 urbium
499 3643 617 3710 (urbium
634 3664 684 3698 om.
709 3646 756 3710 02)
778 3663 937 3715 graecarum
959 3649 1108 3715 (grecorum
1129 3644 1175 3711 01)
1205 3651 1232 3698 et
1249 3645 1396 3715 pinnarum
1413 3641 1457 3697 uel

368 3729 564 3802 gallicanorum
583 3748 643 3784 oum
661 3730 814 3802 priuilegiis
833 3731 888 3785 suis
911 3730 975 3796 [suis
993 3749 1044 3784 om.
1070 3731 1115 3796 02)
1140 3731 1297 3800 Coequitur
1309 3748 1389 3802 prou.
1402 3729 1455 3781 Al-

364 3820 444 3892 pium
468 3817 619 3872 Graiorum
636 3821 661 3870 et
679 3815 874 3882 Postumiorum,
901 3836 967 3887 quae
985 3817 1015 3870 in
1032 3819 1084 3871 hoo
1102 3817 1220 3888 ‘familia
1233 3817 1355 3888 primum
1372 3818 1456 3869 losum

368 3905 474 3958 obtinet.
495 3903 632 3973 incipiunt
650 3901 761 3955 nomina
779 3903 921 3956 ciuitatum
940 3902 1143 3973 prouinciarum
1157 3901 1254 3972 galliae
1274 3903 1307 3956 o¹
1326 3902 1371 3956 hio
1390 3919 1456 3955 oon-

369 3991 492 4045 tinentur
514 3987 672 4059 prouinciae
690 3986 835 4058 galligenis
853 4005 921 4057 quae
944 3988 1069 4042 ciuitates
1087 3997 1152 4042 sunt
1170 3987 1299 4058 galligani
1317 3994 1455 4056 metropo-

369 4076 402 4132 lis
422 4076 451 4130 b*
472 4075 501 4128 in
519 4073 665 4145 prouintiis
688 4073 831 4143 gallicanis
849 4091 918 4144 quae
936 4073 1060 4128 ciuitates
1078 4074 1135 4129 sint
1152 4077 1171 4128 d
1193 4074 1328 4143 incipiunt
1346 4073 1456 4128 nomina

369 4161 567 4234 prouintiarum
586 4161 632 4224 0¹3
653 4161 685 4213 de
708 4158 819 4230 reliquis
837 4178 889 4214 non
907 4165 1017 4214 constat.

441 4249 455 4300 2
480 4266 529 4301 oen.
549 4249 586 4301 B.
613 4245 641 4299 in
665 4245 807 4318 prouincia
836 4244 1004 4300 leudunense
1028 4245 1115 4318 prima
1138 4246 1256 4300 ciuitatis
1281 4251 1336 4298 nist.
1361 4245 1406 4298 III
1428 4247 1455 4297 Α

372 4331 493 4388 rouinoia
510 4330 689 4400 lugdunensis
708 4329 803 4385 ciuitas
827 4331 914 4402 prima
941 4333 980 4385 01
1003 4331 1144 4402 prouincia
1168 4329 1348 4401 lugdunensis
1370 4331 1456 4401 prima

370 4435 477 4474 numero
496 4416 637 4472 ciuitatum
655 4418 750 4471 omisso
773 4416 840 4471 02s1
857 4420 935 4488 proin
962 4417 1125 4488 lugduneni.
1152 4418 1246 4488 primo.
1273 4411 1361 4471 habet.
1388 4415 1455 4470 oiui-

1604 2299 1617 2438 l
