3252 5192
371 507 413 570 82
669 523 722 567 on.
741 521 871 567 xxxvn.
903 524 975 568 nux
990 525 1144 569 Arrana.

373 706 411 760 35
662 694 784 758 Cohors
806 695 902 759 tertia
923 694 1136 779 Alpinorum,
1163 694 1250 778 apud
1266 693 1410 755 Amana.

374 806 411 862 36
436 799 631 861 Officium
655 808 787 860 autem
807 799 951 881 [habet]
971 801 1051 865 uiri
1074 797 1319 882 spectabilis
1342 795 1454 858 ducis

501 900 678 964 Arabiae
702 913 740 963 et
761 903 970 986 praesidis
993 902 1113 965 babet
1133 901 1210 966 ita:

218 1027 356 1078 arcanea
377 1014 414 1070 37
624 1004 808 1087 Principem
831 1006 871 1068 de
895 1005 981 1068 scola
1003 1014 1157 1087 agentum
1180 1005 1214 1067 in
1237 1004 1343 1066 rebus.

375 1116 412 1172 38
621 1108 830 1171 Numerarics
853 1119 885 1173 et
906 1109 1069 1172 adiutores
1092 1128 1239 1170 eorum..

374 1220 413 1277 39
622 1211 963 1277 Commentarienscm.

373 1325 412 1378 40
621 1315 819 1378 Adiutorem.

373 1426 410 1480 41
445 1408 447 1414 ’
621 1421 651 1480 A
673 1418 793 1482 libellis
815 1419 884 1482 siue
907 1418 1235 1484 subscribendarium.

374 1529 412 1585 42
621 1522 819 1607 Exceptores
843 1534 875 1585 et
897 1534 1020 1586 ceteros
1043 1521 1210 1586 officiales,

373 1632 413 1686 43
458 1625 559 1687 Item
597 1625 788 1690 officium
828 1627 1038 1710 praesidis
1072 1627 1252 1690 eiusdem
1285 1623 1456 1709 prouin-

665 1729 769 1793 ciae:
898 1717 900 1724 Α

374 1840 414 1893 44
621 1833 808 1917 Principem
830 1833 871 1896 de
893 1834 1006 1902 eodem
1021 1833 1140 1898 officio.

375 1945 414 1998 45
623 1935 891 2000 Cornicularium.

375 2049 414 2102 46
623 2039 824 2104 Ordinatios.
860 2023 864 2030 ἱ

376 2150 414 2204 47
624 2143 965 2207 commentariensem.
979 2155 983 2164 ‘

375 2254 414 2309 48
624 2247 832 2311 Numerarics
855 2258 888 2309 et
910 2248 1073 2311 adiutores
1095 2269 1215 2310 eorum.

376 2358 414 2412 49
624 2349 823 2413 Adiutorem.

377 2461 415 2517 50
624 2456 653 2515 Α
676 2453 794 2517 libellis
818 2453 888 2516 siue
911 2454 1218 2537 regerendariumS).

376 2565 412 2620 51
623 2558 819 2640 Exceptcres
841 2567 874 2619 et
896 2569 1016 2620 ceteros
1040 2557 1203 2619 officiales.

378 2667 417 2722 52
441 2661 530 2723 Dux
553 2661 730 2724 Arabiae
753 2661 794 2723 V.

445 2904 469 2968 8)
491 2899 759 2956 subscribendarium
776 2901 1082 2972 Baranam-Holmon

448 3077 480 3126 35
504 3073 663 3145 alpencrum
686 3074 818 3140 OPVMu
831 3081 933 3128 arnoni
950 3077 1008 3140 Mn
1020 3076 1053 3125 36
1071 3071 1159 3125 duxeis
1178 3074 1233 3139 ΜΙΙ
1246 3075 1278 3123 50
1296 3087 1460 3141 regeneren-

380 3161 475 3214 derum
499 3160 765 3229 Uregenandarium
785 3162 858 3227 PVu
871 3163 904 3212 52
922 3160 1032 3229 quintus
1055 3160 1121 3216 VM.
