3262 5200
616 507 810 552 Panararro.
1189 507 1272 551 XXlX

189 675 323 760 putaui,
350 675 376 738 si
399 676 541 758 insignia
563 674 789 762 magistrorum
811 676 953 741 militurn
976 675 1131 740 exaltare
1153 677 1272 742 codicis

186 773 277 846 parte
301 763 431 826 nouella
454 763 583 845 quidem
606 765 731 827 ratione
754 765 811 828 sed
833 764 936 828 multo
958 763 1079 828 maiore
1101 785 1175 826 cum
1197 765 1272 828 ‹lili-

186 849 296 932 gentia
318 851 498 932 composita
520 850 658 914 describi
680 850 835 914 iuberem.
883 852 979 919 Quod
1002 860 1036 912 ut
1058 849 1206 926 facerem,
1234 871 1273 914 ea

187 956 317 1020 quoque
339 935 464 999 ratione
487 936 645 999 adductus
669 957 760 1014 sum,
784 947 821 1000 ut
843 937 921 999 uiris
944 936 1063 1012 doctis,
1096 937 1154 1022 qui
1175 959 1272 1001 accu-

185 1022 337 1085 ratiorem
359 1021 399 1085 de
422 1021 606 1106 insignibus
629 1023 852 1107 quaestionem
875 1022 1044 1087 instituere
1065 1022 1190 1086 uellent
1211 1045 1272 1087 ne-

186 1129 249 1190 que
272 1108 399 1171 codices
429 1107 517 1191 ipsos
540 1120 665 1191 praesto
688 1109 860 1186 haberent,
890 1109 1053 1194 quandam
1081 1109 1271 1172 conferendi

185 1193 373 1257 facultatem
407 1195 604 1278 praeberem.
660 1197 736 1259 Mea
769 1195 857 1259 enim
889 1195 1032 1260 editione
1061 1195 1177 1258 emissa
1210 1197 1271 1260 tria

186 1280 403 1364 picturarum,
429 1281 547 1363 quibus
564 1282 603 1344 de
619 1281 745 1366 agitur,
772 1281 967 1365 exemplaria
989 1281 1166 1358 habebunt,
1187 1303 1270 1364 quae

185 1367 294 1429 omnia
315 1365 431 1430 riuulis
455 1367 593 1430 diuersis
617 1389 656 1430 ex
672 1369 839 1431 communi
860 1369 949 1432 l'onte
972 1369 1156 1444 fluxerunt,
1181 1368 1270 1432 scili-

185 1463 237 1515 cet
258 1452 398 1537 picturas
422 1453 575 1518 editionis
599 1453 820 1534 Basiliensis1)
848 1475 865 1516 e
888 1453 1034 1537 Spirensi
1055 1454 1126 1539 ipso
1149 1454 1272 1518 descri-

185 1549 277 1623 ptas,
309 1538 550 1625 Bbckingianas
580 1561 621 1604 ex
649 1539 770 1604 codicis
799 1540 1005 1604 Monacensis
1036 1551 1127 1625 parte
1160 1551 1272 1626 poste-

183 1625 266 1688 riore
289 1624 438 1703 haustas,
469 1647 576 1704 meas,
608 1647 691 1712 quae
721 1647 761 1690 ex
784 1626 929 1690 eiusdem
956 1625 1030 1690 libri
1052 1637 1142 1710 parte
1164 1628 1270 1710 priore

184 1710 343 1795 originem
365 1713 500 1775 ducunt.

270 1798 368 1864 Quod
390 1799 431 1862 ad
453 1799 612 1862 Notitiam
635 1798 840 1883 Dignitatum
864 1798 1024 1862 edendam
1047 1799 1092 1862 eis
1115 1798 1269 1864 subsidiis

182 1881 362 1948 instructus
390 1885 530 1962 accersi,
566 1895 604 1949 ut
631 1885 787 1949 lectiones
815 1905 897 1966 quae
929 1884 1127 1970 recipiantur
1155 1885 1270 1970 dignas

184 1972 319 2053 posthac
341 1991 382 2034 ex
403 1970 570 2035 codicibus
586 1993 686 2035 manu
702 1971 830 2056 scriptis
852 1971 1014 2056 prolatum
1037 1971 1078 2035 iri
1092 1993 1195 2057 paene
1210 1993 1269 2034 ne-

183 2077 259 2140 gare
282 2057 438 2133 audeam,
470 2059 646 2121 amicorum
676 2057 827 2120 comitate
857 2069 890 2120 et
912 2058 1085 2142 praecipue
1107 2056 1268 2121 Theodori

183 2141 380 2206 Mommseni
402 2145 618 2227 praeceptoris
641 2144 763 2230 optime
786 2144 826 2207 de
840 2165 892 2206 me
908 2143 1016 2208 meriti
1037 2144 1269 2208 beneuolentia

185 2227 335 2292 effectum
365 2241 422 2293 est.
471 2230 556 2294 Nam
585 2241 616 2294 et
645 2251 727 2315 quae
757 2229 838 2294 mihi
872 2231 911 2292 ab
939 2231 1011 2294 aliis
1040 2230 1156 2295 collata
1178 2240 1266 2307 sunt,

182 2335 302 2398 magna
325 2325 477 2400 exparte
508 2338 545 2380 eo
568 2316 808 2381 interueniente
830 2315 1021 2401 impetraui,
1055 2327 1087 2380 et
1114 2316 1171 2379 ubi
1199 2317 1211 2378 i
1236 2337 1269 2380 se

182 2399 218 2462 in
240 2401 302 2464 hoe
322 2400 471 2464 laborum
497 2424 615 2487 genere
638 2403 743 2466 adhuc
764 2403 954 2484 inexpertus
976 2401 1166 2481 haerebam,
1202 2337 1270 2466 <lux

182 2487 398 2570 peritissimus
420 2489 491 2552 uias
514 2487 708 2554 monstrauit
729 2500 826 2571 atque
849 2489 986 2573 aperuit.
1034 2490 1146 2574 ltaque
1168 2489 1269 2552 libros

183 2593 315 2651 ornnes,
347 2595 387 2637 ex
415 2573 534 2659 quibus
564 2574 726 2660 Spirensis
757 2575 916 2660 deperditi
945 2575 1060 2639 notitia
1087 2575 1269 2639 haurienda

182 2669 246 2738 est,
279 2670 335 2724 aut
362 2660 432 2746 ipse
462 2662 586 2726 contuli
614 2671 671 2726 aut
699 2661 754 2726 alii
783 2685 802 2726 a
830 2683 882 2726 me
910 2661 1015 2746 rogati
1043 2662 1263 2727 contulerunt.

182 2745 234 2808 Ex
256 2746 374 2830 quibus
403 2747 443 2809 de
465 2749 552 2811 Boor
578 2747 757 2826 amicitiae,
793 2770 858 2833 qua
883 2749 949 2812 iam
972 2770 990 2811 a
1012 2749 1124 2833 primis
1144 2749 1268 2813 studio-

182 2853 254 2896 rum
276 2833 371 2896 anuis
401 2832 568 2898 coniuncti
595 2855 727 2912 sumus,
758 2835 845 2898 haud
874 2834 1008 2920 uulgare
1039 2835 1267 2899 documentum

181 2918 287 2995 dedit,
312 2940 388 2983 cum
410 2919 591 2998 Londinio,
616 2920 673 2984 ubi
689 2930 760 2984 tum
774 2922 982 2998 uersabatur,
1007 2921 1171 2986 Oxoniam
1191 2942 1268 3004 pro-

181 3004 284 3068 fectus
307 3015 370 3082 est,
396 3016 433 3070 ut
453 3006 597 3071 laborem
619 3007 739 3072 codicis
761 3007 977 3072 Canoniciani
1002 3008 1052 3092 (Ο)
1080 3007 1268 3072 conferendi

181 3092 259 3156 satis
282 3092 464 3156 taediosum
486 3094 674 3192 susciperet.
723 3095 797 3161 Quo
829 3112 924 3178 opere
954 3094 1096 3178 perfecto
1119 3094 1159 3158 de
1187 3093 1266 3158 locis

181 3177 392 3262 quibusdam,
425 3179 481 3261 qui
510 3179 590 3243 mihr
613 3180 706 3245 dubii
732 3189 973 3257 remanserant,
1004 3202 1061 3244 uu.
1087 3181 1141 3243 dd.
1175 3180 1267 3244 Neu-

179 3266 280 3327 bauer
302 3276 335 3328 et
358 3266 505 3349 Bywater
528 3265 732 3330 Oxonienses
755 3266 922 3330 certiorem
944 3287 996 3330 me
1017 3266 1176 3330 fecerunt.
1223 3265 1267 3329 Et

180 3349 299 3414 librum
327 3351 512 3414 Parisinum
539 3353 612 3436 (P),
642 3363 814 3437 postquam
837 3375 855 3416 a
877 3375 909 3416 u.
934 3353 966 3416 d.
992 3352 1139 3438 Geppert
1168 3373 1266 3416 acce-

180 3458 306 3520 peram,
333 3436 505 3523 Bdckingii
521 3439 728 3503 collationem
749 3439 814 3502 fide
830 3438 964 3521 dignam
979 3461 1152 3516 sonasse,
1178 3461 1209 3501 u.
1230 3438 1261 3503 d.

180 3521 257 3587 Otto
279 3521 470 3587 Hirschfeld
492 3546 556 3606 qua
578 3535 628 3588 est
642 3524 792 3590 comitate
813 3525 849 3589 in
865 3546 960 3588 usum
976 3547 1086 3590 meum
1102 3547 1160 3611 pro
1176 3534 1266 3610 parte

180 3608 336 3684 contulit,
371 3631 429 3694 pro
459 3620 550 3695 parte
578 3610 734 3676 lectiones
766 3610 1007 3694 Bdckingianas
1038 3611 1205 3698 suppleuit
1235 3622 1267 3676 et

180 3695 327 3759 correxit.
375 3695 529 3760 Codicem
559 3697 744 3762 Palatinum
768 3700 823 3776 (M
824 3699 831 3781 l
867 3699 937 3782 ipse
966 3697 1108 3783 primum
1135 3698 1267 3762 Monaei

180 3781 291 3845 euolui
312 3804 331 3845 a
353 3781 523 3867 praelectis
545 3783 761 3848 bibliothecae
784 3783 891 3868 regiae
914 3784 1091 3868 Foeriuger
1113 3793 1146 3848 et
1166 3784 1267 3848 Halm

178 3868 414 3951 benignissime
437 3869 586 3946 adiutus,
618 3880 688 3933 tum
710 3869 891 3934 ministerio
914 3871 1003 3955 regio
1025 3870 1266 3935 interueniente

179 3954 294 4018 adme
316 3953 506 4018 Berolinum
528 3955 663 4020 missum
686 3957 795 4020 denuo
817 3957 966 4038 inspexi;
996 3957 1075 4020 item
1098 3955 1266 4020 Uindobo-

176 4040 273 4104 nensi
300 4039 382 4103 libro
417 4040 476 4124 (Vl
511 4041 657 4132 eiusdem
687 4041 861 4106 ministerii
890 4043 1012 4107 auxilio
1039 4042 1266 4107 liberalissimo

177 4126 227 4190 bis
260 4125 343 4189 mihi
375 4126 424 4197 uti
457 4127 561 4191 licuit.
609 4129 707 4197 Quod
739 4139 849 4192 autem
882 4129 922 4192 ad
953 4129 1110 4214 opuscula
1138 4129 1265 4193 minora

177 4213 310 4290 attinet,
348 4213 476 4277 codices
503 4215 640 4279 notitiae
670 4215 760 4279 urbis
789 4215 960 4279 Constant.
1000 4236 1113 4281 omnes
1141 4215 1267 4280 contuli

246 4421 267 4486 l)
290 4417 410 4475 Eaedem
428 4419 556 4490 repetitae
575 4427 642 4475 sunt
659 4417 687 4474 in
707 4419 876 4476 editionibus
901 4419 1110 4476 Pencirolianis.
