3262 5200
557 479 756 526 renarrem.
1163 483 1199 528 xl

120 652 325 738 neglegentia
348 651 511 736 scriptoris
541 661 627 714 ortae
651 652 735 728 sint,
767 652 801 714 in
831 673 868 714 eo
897 651 985 716 haud
1015 653 1061 718 ita
1084 653 1201 720 multas

122 740 282 802 inuenies.
330 739 395 802 Sed
418 760 490 802 cnm
513 737 669 822 opuscula
691 737 905 823 geographica
926 738 961 802 in
978 739 1087 804 codiee
1103 741 1203 805 Dres-

123 824 214 890 densi
241 831 299 888 182
323 835 356 888 et
377 824 512 888 notitiae
534 825 663 887 urbium
687 825 722 887 in
745 825 854 887 codice
870 824 1115 891 Uindoboneusi
1143 833 1200 892 162

121 911 165 976 ita
193 911 360 996 legantur,
393 923 430 975 ut
460 911 602 974 dubitari
624 923 766 993 nequeat
796 911 875 993 quin
899 933 938 974 ex
962 913 1075 976 eodem
1099 935 1115 976 e
1138 935 1201 996 quo

121 996 281 1081 Spirensis
314 998 403 1060 fonte
436 996 609 1072 fluxerint,
640 996 692 1059 his
721 997 845 1061 collatis
873 996 1023 1062 librarius
1052 999 1106 1062 ille
1134 1022 1200 1064 non

119 1105 284 1166 uunquam
306 1083 564 1167 interpolationis
588 1084 770 1164 arguendus
793 1086 880 1156 est¹;
911 1106 992 1167 quae
1015 1085 1111 1149 latius
1135 1085 1200 1148 for-

118 1181 202 1234 tasse
224 1169 403 1254 serpsisset‚
429 1169 493 1232 nisi
515 1168 670 1232 librorum
688 1170 845 1246 omnium,
870 1192 949 1252 quos
973 1172 1074 1234 codex
1095 1172 1201 1236 conti-

118 1257 226 1333 nebat,
253 1278 290 1319 ea
312 1255 393 1320 ratio
417 1265 511 1334 esset,
537 1277 619 1338 quae
641 1255 801 1319 rarissime
825 1267 950 1320 tantum
975 1258 1108 1340 ingenio
1124 1279 1200 1343 pro-

118 1343 188 1427 prio
221 1342 390 1424 indulgere
423 1341 632 1426 permitteret.
679 1343 792 1424 ltaque
826 1343 1091 1426 interpolationes
1125 1344 1200 1408 illae

120 1450 179 1492 nec
202 1428 323 1492 multae
345 1451 405 1492 nec
427 1427 493 1492 fere
515 1428 645 1492 maioris
667 1428 823 1492 momenti
840 1438 925 1501 sunt,
945 1429 1084 1493 simodo
1101 1452 1200 1516 opus-

118 1514 191 1578 cula
225 1514 372 1598 singula,
409 1536 491 1598 qnae
523 1513 673 1578 librarius
702 1513 737 1576 in
767 1536 881 1598 corpus
910 1537 1011 1578 unum
1046 1516 1198 1594 contulit,

119 1600 274 1685 exemplis
291 1601 367 1664 satis
383 1601 560 1665 emendatis
577 1601 618 1664 ad
633 1623 708 1663 eum
723 1601 940 1684 perueneriut.
968 1602 1020 1664 Ad
1035 1602 1115 1668 haec
1130 1603 1201 1688 ipsa

76 1725 79 1730 ,
118 1708 193 1769 ergo
225 1697 292 1750 tota
320 1687 465 1770 quaestio
494 1685 718 1750 transferenda
747 1697 813 1763 est,
844 1709 880 1751 ac
907 1688 1046 1772 primum
1069 1690 1200 1772 quidem

119 1776 157 1838 de
180 1772 305 1836 Notitia
321 1773 527 1856 Dignitatum
551 1771 668 1836 dicturi
692 1793 813 1848 sumus,
839 1796 921 1856 quae
944 1773 1010 1838 nisi
1031 1775 1065 1838 in
1090 1775 1200 1840 codice

120 1859 264 1945 Spirensi
286 1880 447 1941 nusquam
473 1859 619 1924 traditur.

206 1946 303 2010 Liber
314 1945 335 2028 ²)
362 1945 549 2031 primariae,
575 1946 631 2028 qui
656 1945 734 2009 Not.
764 1945 970 2030 Dignitatum
994 1947 1096 2011 solam
1123 1945 1225 2010 con-'

121 2034 260 2105 tinebat‚
286 2032 456 2096 constabat
478 2032 744 2116 quaternionibus
767 2033 937 2108 tredecim,
968 2033 1086 2117 quibus
1110 2034 1201 2097 senio

121 2140 205 2182 unns
229 2118 373 2181 adiectus
397 2129 473 2182 erat.
520 2118 686 2182 Librarius
709 2117 745 2180 in
766 2118 832 2180 fine
855 2119 1011 2202 cuiusque
1034 2119 1202 2204 dignitatis

116 2205 253 2289 gradus,
279 2215 413 2289 excepto
438 2204 668 2281 clarissimatu,
701 2203 855 2286 quicum
877 2227 943 2268 uno
972 2216 1097 2270 tantum
1121 2205 1200 2270 folio

117 2290 355 2366 contineretur,
387 2291 690 2374 perfectissimatnm
719 2290 789 2355 sine
820 2291 983 2354 diuisione
1012 2292 1197 2376 praecessit,

116 2377 252 2462 paginas
283 2375 427 2459 singulas
450 2398 569 2441 uacuas
592 2376 780 2460 reliquerat3
814 2377 892 2442 item
922 2388 985 2442 tres
1008 2379 1092 2441 inter
1114 2379 1201 2442 noti-

117 2464 179 2528 tias
209 2463 352 2526 Orientis
390 2473 422 2528 et
451 2463 639 2528 Occidentis
675 2473 814 2547 postque
852 2463 991 2526 indicem
1028 2476 1200 2547 utrumque

115 2550 318 2634 conscriptae
340 2570 407 2613 non
429 2551 569 2614 fuerunt.
618 2549 748 2613 Folium
771 2550 910 2634 primum
927 2560 1035 2614 utrum
1059 2572 1200 2616 uacuum
1281 2625 1285 2642 s

57 2641 61 2654 '
116 2660 178 2712 an,
204 2636 290 2719 quod
313 2635 416 2720 magis
439 2637 565 2721 placet,
583 2635 717 2721 picturis
741 2643 890 2698 ornatum
912 2637 1026 2713 fuerit,
1052 2658 1127 2700 cum
1143 2659 1201 2701 ex-

117 2723 254 2798 ciderit,
292 2722 418 2786 definiri
451 2723 575 2807 nequit.
634 2720 776 2806 Psgiuae
811 2723 988 2807 scripturae
1022 2722 1200 2787 destinatae

115 2808 289 2894 bipertitae
312 2816 420 2885 erant,
452 2808 661 2894 singulaeque
692 2807 863 2872 columnae
886 2811 1077 2872 constabant
1099 2810 1201 2872 uersi-

114 2897 175 2958 bus
199 2893 326 2978 nigenis
350 2894 454 2973 senia,
479 2894 524 2958 ita
547 2907 583 2958 ut
605 2895 743 2981 paginae
766 2904 852 2958 totae
869 2917 1022 2960 uersuum
1038 2895 1200 2978 quinqua-

115 3003 276 3066 genorum
298 2979 449 3045 binorum
473 3003 605 3066 capaces
629 2989 755 3058 esseut,
780 2981 928 3064 quamuis
947 2982 1111 3045 interdum
1133 3004 1201 3045 non

116 3069 228 3154 plures
259 3089 354 3150 quarn
383 3068 477 3132 binos
506 3067 561 3131 uel
583 3078 692 3131 ternos
721 3067 933 3132 continerent.
980 3069 1065 3131 Nam
1089 3068 1201 3153 spatiis

117 3156 180 3232 eiS,
220 3175 304 3237 quae
334 3155 493 3238 capitibus
524 3152 680 3218 absolutis
708 3175 810 3218 uacua
833 3165 1070 3231 remanserant,
1095 3176 1201 3237 neque

116 3243 156 3304 ad
190 3240 397 3305 scribendum
431 3261 576 3324 nuquam
606 3262 711 3324 neque
741 3241 782 3302 ad
815 3240 1019 3324 pingendum
1051 3239 1201 3304 librarius

115 3349 195 3390 usus
227 3336 291 3403 cst,
318 3327 375 3389 sed
405 3349 508 3390 nuum
538 3328 688 3410 quodque
718 3331 815 3411 caprft
843 3326 1021 3411 incipiebat
1046 3327 1201 3411 paginam
1295 3369 1300 3380 -

116 3434 224 3496 neque
255 3413 363 3475 minus
393 3413 473 3478 duas
504 3413 697 3498 complebat.
752 3412 886 3477 Tabulis
911 3413 1007 3477 enim·
1021 3413 1200 3496 insignium

115 3499 274 3584 scriptura
296 3498 388 3563 nulla
410 3499 556 3564 subiecta
579 3509 663 3576 erat,
689 3498 814 3563 etiamsi
830 3499 972 3583 spatium
987 3499 1116 3565 abunde
1132 3498 1201 3562 suf-

115 3585 262 3662 ficiebat,
296 3594 328 3647 et
356 3594 422 3649 tam
452 3586 578 3671 pictura
603 3608 701 3669 qnam
732 3595 902 3649 contextus
931 3585 1084 3670 paginam
1108 3606 1199 3649 suam

116 3673 281 3736 tenebant.
330 3673 437 3755 Atque
468 3672 696 3758 inscriptiones
720 3671 880 3757 capitum,
912 3672 1032 3756 quibus
1060 3671 1200 3756 insignia

189 3879 210 3940 1)
233 3876 301 3930 Ita'a.
317 3879 382 3930 Aut.
420 3918 425 3930 .
441 3885 491 3933 527
504 3877 623 3949 genuina
634 3877 727 3933 lectio:
753 3882 850 3948 Ortya,
866 3877 981 3933 Drasd:
1006 3881 1093 3932 Ortuc
1110 3876 1198 3947 Spin:

118 3945 243 4017 Ortiqt'a:
273 3946 338 4000 Not.
365 3895 423 4000 ari.
451 3948 534 4000 Βοηι..
555 3967 608 4019 req.
636 3947 679 4001 VI
693 3957 723 4007 6.·
745 3957 759 4002 7
790 3946 886 4005 Vind:
918 3948 1042 4001 Statuam
1066 3947 1198 4008 Mansuri,

119 4014 260 4084 Templum
289 4015 333 4069 dci
360 4015 482 4080 Quirites}
513 4016 599 4087 Spin:
632 4019 756 4070 Statuam
782 4016 955 4071 mamuritaru
977 4015 1131 4086 plurrrbearu
1158 4015 1202 4068 dei

118 4083 243 4144 Quirini:
269 4085 334 4138 Nat.
360 4085 417 4138 arb.
444 4087 535 4139 Ocust.
561 4087 602 4140 ΙΙ
623 4095 651 4140 11
676 4085 781 4140 addidit
802 4084 932 4140 librarius
956 4084 1044 4154 Spin:
1073 4084 1159 4156 Rapio
1183 4085 1205 4137 Ι

115 4153 248 4212 eontinet:
269 4153 308 4206 VI
329 4157 359 4206 18
378 4154 497 4208 addidit:
519 4155 610 4214 babet,-
629 4155 670 4208 IX
690 4157 719 4208 8:
741 4153 859 4208 addidit:
881 4156 926 4208 ad.

187 4259 210 4320 2)
234 4257 334 4311 Omnia
346 4275 415 4329 qnae
427 4257 462 4311 de
473 4257 566 4312 codice
578 4257 725 4330 archetypo
738 4255 860 4311 dicturus
873 4275 942 4320 snm,
963 4257 991 4310 in
1003 4255 1096 4310 libello
1113 4259 1202 4318 erac-

115 4325 214 4379 stiones
234 4327 265 4378 dc
286 4327 350 4380 Not.
375 4327 460 4396 Dian.
484 4329 583 4388 (Berot.
607 4333 679 4380 retal
700 4327 831 4396 inscripto
850 4327 903 4379 iam
922 4325 1047 4396 exposni;
1069 4342 1203 4396 perpauca

117 4403 225 4449 tautum
244 4412 273 4448 re
293 4394 388 4450 melius
407 4396 578 4451 considerata
596 4395 622 4450 lr.
643 4394 661 4449 l.
683 4415 698 4449 u
716 4414 758 4450 rne
775 4395 918 4450 immutata
935 4403 1008 4450 aunt.
